Auction Title ,Auction ID,Department ,Close Date ,Winning Bid ,CC Fee,Fee Percent,Auction Fee Subtotal,Auction Fee Total,Pay Status ,Paid Date ,Asset #,Inventory ID,Decal /Vehicle ID,VTR Number,Receipt Number ,Cap,Expenses,Net Sales,Fund,Business Unit
Dell Laptop w/Bag,79519,ITS,11/26/2013,$78.51 ,$1.81 ,0.23,$18.05 ,$18.05 ,Successful,1/3/2014,,74576,,,3603198592,"$3,000 ",$0.00 ,$60.45 ,General Fund,0
21 Dell Optiplex 760 Computers,79530,ITS,11/26/2013,$451.51 ,$10.38 ,0.23,$103.84 ,$103.84 ,Successful,1/16/2014,,"75160, 75144, 75143, 75165, 75149, 75167, 75140, 75145, 75138, 75148, 75204, 75192, 75162, 75210, 75151, 75154, 75170, 75157, 75150, 75161, 75212",,,3604173051,"$3,000 ",$0.00 ,$347.66 ,General Fund,0
Wheel Chair Lift,79662,SCHOOL BOARD WAREHOUSE,12/4/2013,$158.99 ,$3.66 ,0.23,$36.56 ,$36.56 ,Successful,1/13/2014,,SBS-6182,,,3603868643,"$3,000 ",$0.00 ,$122.42 ,Enterprise,0
1 Pallet of Assorted Tires,79667,SCHOOL BOARD WAREHOUSE,12/4/2013,$106.00 ,$2.44 ,0.23,$24.38 ,$24.38 ,Successful,1/6/2014,,SBS-6170D,,,3603354629,"$3,000 ",$0.00 ,$81.62 ,Enterprise,0
3 Catalytic Converters,79706,OFM,12/5/2013,$125.01 ,$0.00 ,0.23,$28.75 ,$28.75 ,Successful,1/7/2014,,OFM-75625A,,,Money Order,"$3,000 ",$0.00 ,$96.25 ,Enterprise,0
Southbend Fryer,79759,SCHOOL BOARD WAREHOUSE,12/11/2013,$258.00 ,$0.00 ,0.23,$59.34 ,$59.34 ,Successful,1/21/2014,,SBS-6120,,,Money Order,"$3,000 ",$0.00 ,$198.66 ,Enterprise,0
Desk,79762,PARKS,12/11/2013,$8.00 ,$0.18 ,0.23,$1.84 ,$1.84 ,Successful,1/14/2014,,73776,,,3603986157,"$3,000 ",$0.00 ,$6.16 ,General Fund,0
3 File Cabinets,79765,PUBLIC DEFENDER,12/12/2013,$33.11 ,$0.76 ,0.23,$7.61 ,$7.61 ,Successful,1/15/2014,,"74820, 74821, 74822",,,3604097208,"$3,000 ",$0.00 ,$25.49 ,General Fund,0
2 Care Play Easels,79792,SURPLUS WAREHOUSE,12/16/2013,$65.00 ,$1.50 ,0.23,$14.95 ,$14.95 ,Successful,1/14/2014,,74836,,,3603946008,"$3,000 ",$0.00 ,$50.05 ,General Fund,0
Hammond Organ w/Bench,79799,SURPLUS WAREHOUSE,12/16/2013,$62.78 ,$1.44 ,0.23,$14.43 ,$14.43 ,Successful,1/14/2014,,75582,,,3603986174,"$3,000 ",$0.00 ,$48.34 ,General Fund,0
"3 Sony 20"" Televisions",79800,SURPLUS WAREHOUSE,12/16/2013,$2.00 ,$0.05 ,0.23,$0.46 ,$0.46 ,Successful,1/14/2014,,75580,,,3603986210,"$3,000 ",$0.00 ,$1.54 ,General Fund,0
Dell Laptop,79874,ITS,12/18/2013,$75.00 ,$1.72 ,0.23,$17.25 ,$17.25 ,Successful,1/16/2014,,75417,,,3604211088,"$3,000 ",$0.00 ,$57.75 ,General Fund,0
Dell Laptop,79876,ITS,12/18/2013,$73.00 ,$1.68 ,0.23,$16.79 ,$16.79 ,Successful,1/6/2014,,75413,,,3603336103,"$3,000 ",$0.00 ,$56.21 ,General Fund,0
Dell Laptop,79881,ITS,12/18/2013,$65.00 ,$1.50 ,0.23,$14.95 ,$14.95 ,Successful,1/16/2014,,75433,,,3604173117,"$3,000 ",$0.00 ,$50.05 ,General Fund,0
Dell Computer System,79883,ITS,12/18/2013,$73.51 ,$0.00 ,0.23,$16.90 ,$16.90 ,Successful,1/2/2014,,"75244, 75572",,,Money Order,"$3,000 ",$0.00 ,$56.60 ,General Fund,0
Dell Computer System,79885,ITS,12/18/2013,$63.51 ,$0.00 ,0.23,$14.60 ,$14.60 ,Successful,1/2/2014,,"75237, 75305",,,Money Order,"$3,000 ",$0.00 ,$48.90 ,General Fund,0
8 Chairs,79895,NASHVILLE CONVENTION CTR,12/18/2013,$84.05 ,$0.00 ,0.23,$19.33 ,$19.33 ,Successful,1/2/2014,,NCC-74912,,,Money Order,"$3,000 ",$0.00 ,$64.71 ,Enterprise,0
7 Rugs,79900,METRO ACTION,12/18/2013,$155.00 ,$3.56 ,0.23,$35.65 ,$35.65 ,Successful,1/16/2014,,MAC-74141D,,,3604156925,"$3,000 ",$0.00 ,$119.35 ,Enterprise,0
Storage Cabinet,79912,SCHOOL BOARD WAREHOUSE,1/6/2014,$62.00 ,$1.43 ,0.23,$14.26 ,$14.26 ,Successful,1/8/2014,,SBS-6210,,,3603475402,"$3,000 ",$0.00 ,$47.74 ,Enterprise,0
Winston Warmer,79913,SCHOOL BOARD WAREHOUSE,1/6/2014,$50.00 ,$0.00 ,0.23,$11.50 ,$11.50 ,Successful,1/9/2014,,SBS-6217,,,Money Order,"$3,000 ",$0.00 ,$38.50 ,Enterprise,0
2 Vollrath Warming Cabinets,79914,SCHOOL BOARD WAREHOUSE,1/6/2014,$125.00 ,$2.88 ,0.23,$28.75 ,$28.75 ,Successful,1/10/2014,,SBS-6212,,,3603744332,"$3,000 ",$0.00 ,$96.25 ,Enterprise,0
Hobart 512 TMS Slicer,79915,SCHOOL BOARD WAREHOUSE,1/6/2014,$126.99 ,$0.00 ,0.23,$29.20 ,$29.20 ,Successful,1/13/2014,,SBS-6205,,,Cashiers Check,"$3,000 ",$0.00 ,$97.78 ,Enterprise,0
Hobart 512 Slicer,79916,SCHOOL BOARD WAREHOUSE,1/6/2014,$103.00 ,$2.37 ,0.23,$23.69 ,$23.69 ,Successful,2/18/2014,,SBS-6206,,,3606505419,"$3,000 ",$0.00 ,$79.31 ,Enterprise,0
Hobart 512 Slicer,79918,SCHOOL BOARD WAREHOUSE,1/6/2014,$98.99 ,$2.28 ,0.23,$22.76 ,$22.76 ,Successful,1/6/2014,,SBS-6204B,,,3603314944,"$3,000 ",$0.00 ,$76.22 ,Enterprise,0
Hobart 512 TMS Slicer,79919,SCHOOL BOARD WAREHOUSE,1/6/2014,$79.99 ,$1.84 ,0.23,$18.39 ,$18.39 ,Successful,1/6/2014,,SBS-6204C,,,3603314951,"$3,000 ",$0.00 ,$61.59 ,Enterprise,0
Hobart 512 TMS Slicer,79920,SCHOOL BOARD WAREHOUSE,1/6/2014,$34.00 ,$0.00 ,0.23,$7.82 ,$7.82 ,Successful,1/8/2014,,SBS-6204D,,,Cashiers Check,"$3,000 ",$0.00 ,$26.18 ,Enterprise,0
Hobart 410 Slicer,79921,SCHOOL BOARD WAREHOUSE,1/6/2014,$16.00 ,$0.00 ,0.23,$3.68 ,$3.68 ,Successful,1/8/2014,,SBS-6204E,,,Money Order,"$3,000 ",$0.00 ,$12.32 ,Enterprise,0
Assorted Kitchen Ware,79922,SCHOOL BOARD WAREHOUSE,1/6/2014,$81.27 ,$1.87 ,0.23,$18.69 ,$18.69 ,Successful,1/8/2014,,SBS-6215A,,,3603497119,"$3,000 ",$0.00 ,$62.57 ,Enterprise,0
Assorted Kitchen Ware,79923,SCHOOL BOARD WAREHOUSE,1/6/2014,$89.56 ,$2.06 ,0.23,$20.60 ,$20.60 ,Successful,2/18/2014,,SBS-6215B,,,3606505439,"$3,000 ",$0.00 ,$68.96 ,Enterprise,0
Assorted Kitchen Ware,79924,SCHOOL BOARD WAREHOUSE,1/6/2014,$377.00 ,$0.00 ,0.23,$86.71 ,$86.71 ,Successful,1/13/2014,,SBS-6215C,,,Money Order,"$3,000 ",$0.00 ,$290.29 ,Enterprise,0
Kitchen Items,79925,SCHOOL BOARD WAREHOUSE,1/6/2014,$33.00 ,$0.76 ,0.23,$7.59 ,$7.59 ,Successful,1/22/2014,,SBS-6215D,,,3604564037,"$3,000 ",$0.00 ,$25.41 ,Enterprise,0
Kitchen Items,79926,SCHOOL BOARD WAREHOUSE,1/6/2014,$11.00 ,$0.25 ,0.23,$2.53 ,$2.53 ,Successful,1/22/2014,,SBS-6215E,,,3604564050,"$3,000 ",$0.00 ,$8.47 ,Enterprise,0
Kitchen Ware,79927,SCHOOL BOARD WAREHOUSE,1/6/2014,$57.00 ,$1.31 ,0.23,$13.11 ,$13.11 ,Successful,2/18/2014,,SBS-6215F,,,3606505460,"$3,000 ",$0.00 ,$43.89 ,Enterprise,0
Kitchen Ware,79928,SCHOOL BOARD WAREHOUSE,1/6/2014,$243.99 ,$5.61 ,0.23,$56.11 ,$56.11 ,Successful,1/10/2014,,SBS-6215G,,,3603708376,"$3,000 ",$0.00 ,$187.87 ,Enterprise,0
2 Storage Bins,79929,SCHOOL BOARD WAREHOUSE,1/6/2014,$111.99 ,$2.58 ,0.23,$25.75 ,$25.75 ,Successful,1/8/2014,,SBS-6211,,,3603497134,"$3,000 ",$0.00 ,$86.23 ,Enterprise,0
Table,79930,SCHOOL BOARD WAREHOUSE,1/6/2014,$111.00 ,$2.55 ,0.23,$25.53 ,$25.53 ,Successful,1/10/2014,,SBS-6207A,,,3603744565,"$3,000 ",$0.00 ,$85.47 ,Enterprise,0
Table,79931,SCHOOL BOARD WAREHOUSE,1/6/2014,$111.00 ,$2.55 ,0.23,$25.53 ,$25.53 ,Successful,1/10/2014,,SBS-6207B,,,3603744759,"$3,000 ",$0.00 ,$85.47 ,Enterprise,0
Pressure Washer,79932,SCHOOL BOARD WAREHOUSE,1/6/2014,$105.99 ,$2.44 ,0.23,$24.37 ,$24.37 ,Successful,1/8/2014,,SBS-6216,,,3603467837,"$3,000 ",$0.00 ,$81.61 ,Enterprise,0
Steamer,79933,SCHOOL BOARD WAREHOUSE,1/6/2014,$205.00 ,$4.72 ,0.23,$47.15 ,$47.15 ,Successful,2/18/2014,,SBS-6197,,,3606505480,"$3,000 ",$0.00 ,$157.85 ,Enterprise,0
Cash Register,79934,SCHOOL BOARD WAREHOUSE,1/6/2014,$5.01 ,$0.12 ,0.23,$1.15 ,$1.15 ,Successful,1/14/2014,,SBS-6201,,,3603986223,"$3,000 ",$0.00 ,$3.85 ,Enterprise,0
Cash Register,79935,SCHOOL BOARD WAREHOUSE,1/6/2014,$5.01 ,$0.12 ,0.23,$1.15 ,$1.15 ,Successful,1/14/2014,,SBS-6202,,,3603986234,"$3,000 ",$0.00 ,$3.85 ,Enterprise,0
Cash Register,79936,SCHOOL BOARD WAREHOUSE,1/6/2014,$5.01 ,$0.12 ,0.23,$1.15 ,$1.15 ,Successful,1/14/2014,,SBS-6203,,,3603986251,"$3,000 ",$0.00 ,$3.85 ,Enterprise,0
Cash Register,79937,SCHOOL BOARD WAREHOUSE,1/6/2014,$6.00 ,$0.14 ,0.23,$1.38 ,$1.38 ,Successful,1/14/2014,,SBS-6200,,,3603986272,"$3,000 ",$0.00 ,$4.62 ,Enterprise,0
Milk Cooler,79938,SCHOOL BOARD WAREHOUSE,1/6/2014,$53.10 ,$1.22 ,0.23,$12.21 ,$12.21 ,Successful,1/9/2014,,SBS-6198,,,3603568496,"$3,000 ",$0.00 ,$40.88 ,Enterprise,0
Table w/3-Drawers,79939,SCHOOL BOARD WAREHOUSE,1/6/2014,$363.00 ,$8.35 ,0.23,$83.49 ,$83.49 ,Successful,1/8/2014,,SBS-6208,,,3603497149,"$3,000 ",$0.00 ,$279.51 ,Enterprise,0
Desk,79940,SCHOOL BOARD WAREHOUSE,1/6/2014,$52.00 ,$1.20 ,0.23,$11.96 ,$11.96 ,Successful,1/9/2014,,SBS-6199,,,3603595300,"$3,000 ",$0.00 ,$40.04 ,Enterprise,0
2 Rolling Carts,79941,SCHOOL BOARD WAREHOUSE,1/6/2014,$75.01 ,$1.73 ,0.23,$17.25 ,$17.25 ,Successful,1/12/2014,,SBS-6191,,,3603817315,"$3,000 ",$0.00 ,$57.75 ,Enterprise,0
Sony VCR & DVD Players,79942,SCHOOL BOARD WAREHOUSE,1/6/2014,$52.00 ,$1.20 ,0.23,$11.96 ,$11.96 ,Successful,1/8/2014,,SBS-6188A,,,3603495658,"$3,000 ",$0.00 ,$40.04 ,Enterprise,0
DVD & VCR,79943,SCHOOL BOARD WAREHOUSE,1/6/2014,$29.01 ,$0.67 ,0.23,$6.67 ,$6.67 ,Successful,1/8/2014,,SBS-6188B,,,3603495677,"$3,000 ",$0.00 ,$22.33 ,Enterprise,0
Compact Refrigerator,79944,SCHOOL BOARD WAREHOUSE,1/6/2014,$8.00 ,$0.18 ,0.23,$1.84 ,$1.84 ,Successful,1/13/2014,,SBS-6193,,,3603943095,"$3,000 ",$0.00 ,$6.16 ,Enterprise,0
Cabinet,79945,NASHVILLE CONVENTION CTR,1/7/2014,$7.00 ,$0.16 ,0.23,$1.61 ,$1.61 ,Successful,1/8/2014,,NCC-75595,,,3603483230,"$3,000 ",$0.00 ,$5.39 ,Enterprise,0
FWC Warmer,79946,NASHVILLE CONVENTION CTR,1/7/2014,$41.99 ,$0.00 ,0.23,$9.65 ,$9.65 ,Successful,1/9/2014,,NCC-75671,,,Money Order,"$3,000 ",$0.00 ,$32.33 ,Enterprise,0
True Cooler,79947,NASHVILLE CONVENTION CTR,1/7/2014,$160.75 ,$3.70 ,0.23,$36.97 ,$36.97 ,Successful,1/8/2014,,NCC-75723,,,3603497374,"$3,000 ",$0.00 ,$123.77 ,Enterprise,0
Amana Commercial Microwave,79948,NASHVILLE CONVENTION CTR,1/7/2014,$27.00 ,$0.62 ,0.23,$6.21 ,$6.21 ,Successful,1/8/2014,,NCC-75727,,,3603497396,"$3,000 ",$0.00 ,$20.79 ,Enterprise,0
Eagle Stainless Steel Table,79949,NASHVILLE CONVENTION CTR,1/7/2014,$102.00 ,$2.35 ,0.23,$23.46 ,$23.46 ,Successful,1/8/2014,,NCC-75726,,,3603497413,"$3,000 ",$0.00 ,$78.54 ,Enterprise,0
Star Oven Toaster,79950,NASHVILLE CONVENTION CTR,1/7/2014,$317.00 ,$0.00 ,0.23,$72.91 ,$72.91 ,Successful,1/7/2014,,NCC-75725,,,Cashiers Check,"$3,000 ",$0.00 ,$244.09 ,Enterprise,0
Eagle Stainless Steel Table,79951,NASHVILLE CONVENTION CTR,1/7/2014,$233.00 ,$0.00 ,0.23,$53.59 ,$53.59 ,Successful,1/7/2014,,NCC-75722,,,Cashiers Check,"$3,000 ",$0.00 ,$179.41 ,Enterprise,0
Sico Folding Table w/Wheels,79952,NASHVILLE CONVENTION CTR,1/7/2014,$60.01 ,$1.38 ,0.23,$13.80 ,$13.80 ,Successful,1/7/2014,,NCC-75659,,,3603378757,"$3,000 ",$0.00 ,$46.20 ,Enterprise,0
Table w/Wheels,79953,NASHVILLE CONVENTION CTR,1/7/2014,$30.00 ,$0.69 ,0.23,$6.90 ,$6.90 ,Successful,2/18/2014,,NCC-75656,,,3606505498,"$3,000 ",$0.00 ,$23.10 ,Enterprise,0
Wire Rack,79954,NASHVILLE CONVENTION CTR,1/7/2014,$24.69 ,$0.57 ,0.23,$5.67 ,$5.67 ,Successful,1/13/2014,,NCC-75724,,,3603943217,"$3,000 ",$0.00 ,$19.01 ,Enterprise,0
Perlick Ice Holder,79955,NASHVILLE CONVENTION CTR,1/7/2014,$117.48 ,$0.00 ,0.23,$27.02 ,$27.02 ,Successful,1/7/2014,,NCC-75602,,,Cashiers Check,"$3,000 ",$0.00 ,$90.45 ,Enterprise,0
Picture,79956,NASHVILLE CONVENTION CTR,1/7/2014,$32.00 ,$0.74 ,0.23,$7.36 ,$7.36 ,Successful,1/8/2014,,NCC-75775,,,3603491140,"$3,000 ",$0.00 ,$24.64 ,Enterprise,0
15 Ceramic Bowls,79957,NASHVILLE CONVENTION CTR,1/7/2014,$108.00 ,$2.48 ,0.23,$24.84 ,$24.84 ,Successful,1/7/2014,,NCC-75649,,,3603388403,"$3,000 ",$0.00 ,$83.16 ,Enterprise,0
6 Heath Flow Measurement Rods,79958,WATER SERVICES,1/7/2014,$79.99 ,$1.84 ,0.23,$18.39 ,$18.39 ,Successful,1/7/2014,,WS-73877,,,3603381573,"$3,000 ",$0.00 ,$61.59 ,Enterprise,0
Casio Calculator,79964,FINANCE,1/8/2014,$7.00 ,$0.16 ,0.23,$1.61 ,$1.61 ,Successful,1/9/2014,,73635,,,3603574563,"$3,000 ",$0.00 ,$5.39 ,General Fund,0
Canon Calculator,79965,FINANCE,1/8/2014,$9.00 ,$0.21 ,0.23,$2.07 ,$2.07 ,Successful,1/8/2014,,73636,,,3603497432,"$3,000 ",$0.00 ,$6.93 ,General Fund,0
HP Laser Jet 4100dtn,79966,FINANCE,1/8/2014,$47.01 ,$1.08 ,0.23,$10.81 ,$10.81 ,Successful,1/8/2014,,73633,,,3603476380,"$3,000 ",$0.00 ,$36.19 ,General Fund,0
Panasonic Color High Speed Scanner,79967,FINANCE,1/8/2014,$248.01 ,$5.70 ,0.23,$57.04 ,$57.04 ,Successful,2/18/2014,,73637,,,3606505520,"$3,000 ",$0.00 ,$190.97 ,General Fund,0
Printer Stand,79968,METRO ACTION,1/8/2014,$6.00 ,$0.14 ,0.23,$1.38 ,$1.38 ,Successful,1/12/2014,,MA-63780,,,3603810674,"$3,000 ",$0.00 ,$4.62 ,Enterprise,0
Dell Power Edge 6850 Server,79969,CODES,1/8/2014,$38.99 ,$0.90 ,0.23,$8.96 ,$8.96 ,Successful,1/16/2014,,75576,,,3604199243,"$3,000 ",$0.00 ,$30.02 ,General Fund,0
CD Rack,79970,PUBLIC LIBRARY,1/8/2014,$21.00 ,$0.48 ,0.23,$4.83 ,$4.83 ,Successful,1/8/2014,,75562,,,3603473425,"$3,000 ",$0.00 ,$16.17 ,General Fund,0
Elmo 16-CL Optical Projector w/Cart,79971,PUBLIC LIBRARY,1/8/2014,$130.01 ,$2.99 ,0.23,$29.90 ,$29.90 ,Successful,1/8/2014,,75564,,,3603475436,"$3,000 ",$0.00 ,$100.10 ,General Fund,0
1 Box of Assorted Pen Lights,79972,PUBLIC LIBRARY,1/8/2014,$21.00 ,$0.48 ,0.23,$4.83 ,$4.83 ,Successful,2/4/2014,,75565,,,3605508505,"$3,000 ",$0.00 ,$16.17 ,General Fund,0
"Vacant Land - 433 Roger Williams Avenue, Nashville, TN 37207",79975,PUBLIC PROPERTY,1/16/2014,"$7,601.00 ",$0.00 ,0.03,$228.03 ,$228.03 ,Successful,2/21/2014,,RPS-14014,,,Cashiers Check,$0 ,$0.00 ,"$7,372.97 ",General Fund,0
2003 Ford F-450,79976,OFM-WATER SERVICES,1/2/2014,"$9,100.00 ",$0.00 ,0.23,"$2,093.00 ","$2,093.00 ",Successful,1/6/2014,80000567,,31C 041,,Cashiers Check,"$3,000 ",$0.00 ,"$7,007.00 ",Enterprise,0
2008 International Cab & Chassis,79978,OFM-FIRE,1/2/2014,"$2,125.00 ",$48.88 ,0.23,$488.75 ,$488.75 ,Successful,1/10/2014,80006639,,1479 JG,,3603718058,"$3,000 ",$0.00 ,"$1,636.25 ",Enterprise,0
2003 Ford F-450,79979,OFM-WATER SERVICES,1/2/2014,"$9,000.00 ",$0.00 ,0.23,"$2,070.00 ","$2,070.00 ",Successful,1/6/2014,80000565,,31C 039,,Cashiers Check,"$3,000 ",$0.00 ,"$6,930.00 ",Enterprise,0
Beverage Air Refrigerator w/Wheels,79987,NASHVILLE CONVENTION CTR,1/9/2014,$27.01 ,$0.00 ,0.23,$6.21 ,$6.21 ,Successful,1/16/2014,,NCC-75729,,,Cashiers Check,"$3,000 ",$0.00 ,$20.79 ,Enterprise,0
Hanging Rack,79988,NASHVILLE CONVENTION CTR,1/9/2014,$41.00 ,$0.94 ,0.23,$9.43 ,$9.43 ,Successful,1/15/2014,,NCC-75665,,,3604056042,"$3,000 ",$0.00 ,$31.57 ,Enterprise,0
Lockwood Coat Rack,79989,NASHVILLE CONVENTION CTR,1/9/2014,$53.60 ,$1.23 ,0.23,$12.32 ,$12.32 ,Successful,1/9/2014,,NCC-75594,,,3603574580,"$3,000 ",$0.00 ,$41.27 ,Enterprise,0
4 Chairs,79990,NASHVILLE CONVENTION CTR,1/9/2014,$21.00 ,$0.48 ,0.23,$4.83 ,$4.83 ,Successful,1/11/2014,,"NCC-75584, NCC-75585, NCC-75586, NCC-75588",,,3603788125,"$3,000 ",$0.00 ,$16.17 ,Enterprise,0
3 Chairs,79991,NASHVILLE CONVENTION CTR,1/9/2014,$12.06 ,$0.28 ,0.23,$2.77 ,$2.77 ,Successful,1/11/2014,,"NCC-75591, NCC-75592, NCC-75593",,,3603788913,"$3,000 ",$0.00 ,$9.28 ,Enterprise,0
Childrens Playset Items,79992,METRO ACTION,1/9/2014,$57.01 ,$1.31 ,0.23,$13.11 ,$13.11 ,Successful,1/10/2014,,"MAC-73972, MAC-73990, MAC-73991, MAC-74048, MAC-74092, MAC-74676, MAC-74684, MAC-74705",,,3603650687,"$3,000 ",$0.00 ,$43.89 ,Enterprise,0
5 2-Drawer File Cabinets,79993,METRO ACTION,1/9/2014,$11.00 ,$0.25 ,0.23,$2.53 ,$2.53 ,Successful,2/12/2014,,"MAC-74127, MAC-74128, MAC-74152, MAC-74153, MAC-74156",,,3606110314,"$3,000 ",$0.00 ,$8.47 ,Enterprise,0
Podium,79994,METRO ACTION,1/9/2014,$12.00 ,$0.28 ,0.23,$2.76 ,$2.76 ,Successful,1/13/2014,,MAC-74074,,,3603891882,"$3,000 ",$0.00 ,$9.24 ,Enterprise,0
3 Cambro Food Carts,79995,METRO ACTION,1/9/2014,$308.00 ,$7.08 ,0.23,$70.84 ,$70.84 ,Successful,1/10/2014,,MAC-74033,,,3603722863,"$3,000 ",$0.00 ,$237.16 ,Enterprise,0
Kid Size U-Shaped Table,79996,METRO ACTION,1/9/2014,$22.01 ,$0.51 ,0.23,$5.06 ,$5.06 ,Successful,1/14/2014,,MAC-74158,,,3603974335,"$3,000 ",$0.00 ,$16.94 ,Enterprise,0
11 Rugs,79997,METRO ACTION,1/9/2014,$915.00 ,$0.00 ,0.23,$210.45 ,$210.45 ,Successful,1/14/2014,,MAC-74142,,,Cashiers Check,"$3,000 ",$0.00 ,$704.55 ,Enterprise,0
Care Play Art Easel,79998,METRO ACTION,1/9/2014,$9.50 ,$0.22 ,0.23,$2.18 ,$2.18 ,Successful,1/12/2014,,MAC-74076A,,,3603839966,"$3,000 ",$0.00 ,$7.31 ,Enterprise,0
Counter w/Sink,79999,METRO ACTION,1/9/2014,$6.00 ,$0.14 ,0.23,$1.38 ,$1.38 ,Successful,1/11/2014,,MAC-73971,,,3603773024,"$3,000 ",$0.00 ,$4.62 ,Enterprise,0
Pro Cart II Mobile Treatment Console,80000,METRO ACTION,1/9/2014,$156.99 ,$3.61 ,0.23,$36.10 ,$36.10 ,Successful,1/9/2014,,MAC-74075,,,3603586986,"$3,000 ",$0.00 ,$120.88 ,Enterprise,0
Wooden Shelf,80001,METRO ACTION,1/9/2014,$14.00 ,$0.32 ,0.23,$3.22 ,$3.22 ,Successful,1/9/2014,,MAC-72580,,,3603583018,"$3,000 ",$0.00 ,$10.78 ,Enterprise,0
Kid Size CPU Desk,80002,METRO ACTION,1/9/2014,$17.00 ,$0.39 ,0.23,$3.91 ,$3.91 ,Successful,2/5/2014,,MAC-74068,,,3605571334,"$3,000 ",$0.00 ,$13.09 ,Enterprise,0
10 Chairs,80004,METRO ACTION,1/9/2014,$13.00 ,$0.30 ,0.23,$2.99 ,$2.99 ,Successful,1/14/2014,,"MAC-73087, MAC-73656, MAC-73675, MAC-73705, MAC-74093, MAC-74094, MAC-74095, MAC-74097, MAC-74099, MAC-74699",,,3603974942,"$3,000 ",$0.00 ,$10.01 ,Enterprise,0
2 Chairs,80005,METRO ACTION,1/9/2014,$3.00 ,$0.07 ,0.23,$0.69 ,$0.69 ,Successful,2/4/2014,,"MAC-74103, MAC-74157",,,3605507970,"$3,000 ",$0.00 ,$2.31 ,Enterprise,0
HP Color Laser Jet 4600 Printer,80006,METRO ACTION,1/9/2014,$153.00 ,$3.52 ,0.23,$35.19 ,$35.19 ,Successful,1/12/2014,,MAC-73982,,,3603827151,"$3,000 ",$0.00 ,$117.81 ,Enterprise,0
Chair,80007,METRO ACTION,1/9/2014,$3.00 ,$0.07 ,0.23,$0.69 ,$0.69 ,Successful,2/4/2014,,MAC-74100,,,3605508172,"$3,000 ",$0.00 ,$2.31 ,Enterprise,0
Lateral File Cabinet,80008,GENERAL SERVICES,1/9/2014,$81.00 ,$1.86 ,0.23,$18.63 ,$18.63 ,Successful,1/9/2014,,70585,,,3603585660,"$3,000 ",$0.00 ,$62.37 ,General Fund,0
"3 Sony 18"" Flat Screen Monitors",80009,MDHA,1/9/2014,$25.00 ,$0.58 ,0.23,$5.75 ,$5.75 ,Successful,1/15/2014,,"MDHA-60345, MDHA-60346, MDHA-60347",,,3604084422,"$3,000 ",$0.00 ,$19.25 ,Enterprise,0
9 Monitor Stands,80010,ECD COMMUNICATIONS,1/9/2014,$17.00 ,$0.39 ,0.23,$3.91 ,$3.91 ,Successful,1/9/2014,,"ECD-61275, ECD-61276, ECD-61277, ECD-61278, ECD-61279, ECD-61280, ECD-61281, ECD-61282, ECD-61283",,,3603602823,"$3,000 ",$0.00 ,$13.09 ,Enterprise,0
"15 Dell 17"" Flat Screen Monitors",80011,ECD COMMUNICATIONS,1/9/2014,$148.50 ,$3.42 ,0.23,$34.15 ,$34.15 ,Successful,1/9/2014,,"ECD-61258, ECD-61259, ECD-61260, ECD-61261, ECD-61262, ECD-61263, ECD-61264, ECD-61265, ECD-61266, ECD-61267, ECD-61268, ECD-61269, ECD-61270, ECD-61271, ECD-61272",,,3603602837,"$3,000 ",$0.00 ,$114.34 ,Enterprise,0
11 Dell Computers,80012,ITS,1/9/2014,$371.51 ,$0.00 ,0.23,$85.44 ,$85.44 ,Successful,1/9/2014,,"75241, 75240, 75238, 75243, 75182, 75183, 75181, 75184, 75242, 75236, 75185",,,Cashiers Check,"$3,000 ",$0.00 ,$286.06 ,General Fund,0
46 Assorted Dell Computers,80013,ITS,1/9/2014,$935.00 ,$21.50 ,0.23,$215.05 ,$215.05 ,Successful,2/20/2014,,"75228, 75193, 75209, 75223, 75215, 75225, 75198, 75201, 75208, 75207, 75229, 75196, 75267, 75222, 75266, 75203, 75264, 75255, 75271, 75205, 75262, 75258, 75189, 75270, 75224, 75257, 75218, 75190, 75211, 75259, 75272, 75202, 75206, 75216, 75269, 75265, 751",,,3606708722,"$3,000 ",$0.00 ,$719.95 ,General Fund,0
Dell Laptop,80014,ITS,1/9/2014,$76.51 ,$1.76 ,0.23,$17.59 ,$17.59 ,Successful,1/9/2014,,74550,,,3603602849,"$3,000 ",$0.00 ,$58.91 ,General Fund,0
Dell Laptop,80015,ITS,1/9/2014,$27.00 ,$0.62 ,0.23,$6.21 ,$6.21 ,Successful,1/9/2014,,74553,,,3603602863,"$3,000 ",$0.00 ,$20.79 ,General Fund,0
Dell Laptop,80016,ITS,1/9/2014,$43.00 ,$0.99 ,0.23,$9.89 ,$9.89 ,Successful,2/4/2014,,74559,,,3605508697,"$3,000 ",$0.00 ,$33.11 ,General Fund,0
Dell Laptop,80017,ITS,1/9/2014,$52.00 ,$1.20 ,0.23,$11.96 ,$11.96 ,Successful,1/13/2014,,74555,,,3603934086,"$3,000 ",$0.00 ,$40.04 ,General Fund,0
Dell Laptop,80018,ITS,1/9/2014,$57.00 ,$1.31 ,0.23,$13.11 ,$13.11 ,Successful,1/9/2014,,74570,,,3603592960,"$3,000 ",$0.00 ,$43.89 ,General Fund,0
4 Chairs,80019,NASHVILLE CONVENTION CTR,1/14/2014,$6.00 ,$0.00 ,0.23,$1.38 ,$1.38 ,Successful,1/15/2014,,"NCC-75667, NCC-75668, NCC-75669, NCC075670",,,Cashiers Check,"$3,000 ",$0.00 ,$4.62 ,Enterprise,0
Hamilton Music Stand,80020,NASHVILLE CONVENTION CTR,1/14/2014,$10.00 ,$0.23 ,0.23,$2.30 ,$2.30 ,Successful,2/12/2014,,NCC-75651,,,3606171274,"$3,000 ",$0.00 ,$7.70 ,Enterprise,0
Bar Stool,80021,NASHVILLE CONVENTION CTR,1/14/2014,$21.00 ,$0.48 ,0.23,$4.83 ,$4.83 ,Successful,1/30/2014,,NCC-75776,,,3605145144,"$3,000 ",$0.00 ,$16.17 ,Enterprise,0
Table,80022,NASHVILLE CONVENTION CTR,1/14/2014,$27.00 ,$0.00 ,0.23,$6.21 ,$6.21 ,Successful,1/14/2014,,NCC-75754,,,Money Order,"$3,000 ",$0.00 ,$20.79 ,Enterprise,0
Table,80023,NASHVILLE CONVENTION CTR,1/14/2014,$13.20 ,$0.30 ,0.23,$3.03 ,$3.03 ,Successful,1/15/2014,,NCC-75753,,,3604077546,"$3,000 ",$0.00 ,$10.16 ,Enterprise,0
Table,80024,WATER SERVICES,1/14/2014,$2.00 ,$0.05 ,0.23,$0.46 ,$0.46 ,Successful,1/15/2014,,WS-73909,,,3604077700,"$3,000 ",$0.00 ,$1.54 ,Enterprise,0
Table,80025,WATER SERVICES,1/14/2014,$1.00 ,$0.02 ,0.23,$0.23 ,$0.23 ,Successful,1/14/2014,,WS-73904,,,3603986284,"$3,000 ",$0.00 ,$0.77 ,Enterprise,0
Table,80026,WATER SERVICES,1/14/2014,$2.00 ,$0.05 ,0.23,$0.46 ,$0.46 ,Successful,1/28/2014,,WS-73907,,,3605003135,"$3,000 ",$0.00 ,$1.54 ,Enterprise,0
Table,80027,WATER SERVICES,1/7/2014,$2.00 ,$0.05 ,0.23,$0.46 ,$0.46 ,Successful,1/7/2014,,WS-73908,,,3603421222,"$3,000 ",$0.00 ,$1.54 ,Enterprise,0
Table,80028,WATER SERVICES,1/14/2014,$2.00 ,$0.05 ,0.23,$0.46 ,$0.46 ,Successful,1/28/2014,,WS-73906,,,3605003474,"$3,000 ",$0.00 ,$1.54 ,Enterprise,0
2 Chairs,80029,WATER SERVICES,1/14/2014,$7.00 ,$0.00 ,0.23,$1.61 ,$1.61 ,Successful,1/21/2014,,"WS-74864, WS-74863",,,Money Order,"$3,000 ",$0.00 ,$5.39 ,Enterprise,0
"Dell 17"" Flat Screen Monitor",80030,WATER SERVICES,1/14/2014,$23.50 ,$0.54 ,0.23,$5.40 ,$5.40 ,Successful,1/16/2014,,WS-62259,,,3604183839,"$3,000 ",$0.00 ,$18.09 ,Enterprise,0
Table,80031,METRO ACTION,1/14/2014,$1.00 ,$0.02 ,0.23,$0.23 ,$0.23 ,Successful,1/14/2014,,MAC-73083,,,3603986292,"$3,000 ",$0.00 ,$0.77 ,Enterprise,0
Book Rack,80032,PUBLIC LIBRARY,1/14/2014,$47.00 ,$1.08 ,0.23,$10.81 ,$10.81 ,Successful,1/14/2014,,75561,,,3603994589,"$3,000 ",$0.00 ,$36.19 ,General Fund,0
Book Rack,80033,PUBLIC LIBRARY,1/14/2014,$27.00 ,$0.62 ,0.23,$6.21 ,$6.21 ,Successful,1/20/2014,,75560,,,3604402879,"$3,000 ",$0.00 ,$20.79 ,General Fund,0
21 Oxygen Regulators,80034,FIRE,1/14/2014,$27.00 ,$0.62 ,0.23,$6.21 ,$6.21 ,Successful,2/18/2014,,75891,,,3606505532,"$3,000 ",$0.00 ,$20.79 ,General Fund,0
Dell 2330dn Laser Printer,80035,ITS,1/14/2014,$13.50 ,$0.31 ,0.23,$3.10 ,$3.10 ,Successful,1/16/2014,,75962,,,3604199260,"$3,000 ",$0.00 ,$10.39 ,General Fund,0
Dell 1250c Printer,80036,ITS,1/14/2014,$7.90 ,$0.18 ,0.23,$1.81 ,$1.81 ,Successful,1/20/2014,,75963,,,3604402887,"$3,000 ",$0.00 ,$6.08 ,General Fund,0
63 Assorted Dell Computers,80037,ITS,1/14/2014,"$1,250.00 ",$28.75 ,0.23,$287.50 ,$287.50 ,Successful,1/14/2014,,"75909, 75937, 75956, 75942, 75957, 75917, 75927, 75941, 75914, 75940, 75925, 75958, 75946, 75904, 75913, 75935, 75947, 75916, 75897, 75905, 75948, 75934, 75912, 75921, 75953, 75949, 75951, 75901, 75931, 75939, 75911, 75923, 75899, 75952, 75932, 75922, 759",,,3603996536,"$3,000 ",$0.00 ,$962.50 ,General Fund,0
15 Dell Laptops,80038,ITS,1/14/2014,$620.00 ,$14.26 ,0.23,$142.60 ,$142.60 ,Successful,1/14/2014,,"73570, 73571, 73572, 73573, 73574, 73575, 73576, 73677, 73578, 73579, 73580, 73581, 73582, 73583, 73584",,,3604027642,"$3,000 ",$0.00 ,$477.40 ,General Fund,0
Dell Laptop,80039,ITS,1/14/2014,$47.51 ,$1.09 ,0.23,$10.92 ,$10.92 ,Successful,1/16/2014,,73585,,,3604199281,"$3,000 ",$0.00 ,$36.58 ,General Fund,0
Dell Laptop,80040,ITS,1/14/2014,$51.51 ,$1.18 ,0.23,$11.84 ,$11.84 ,Successful,1/20/2014,,73588,,,3604415567,"$3,000 ",$0.00 ,$39.66 ,General Fund,0
Dell Laptop,80041,ITS,1/14/2014,$53.51 ,$1.23 ,0.23,$12.30 ,$12.30 ,Successful,1/16/2014,,73589,,,3604199292,"$3,000 ",$0.00 ,$41.20 ,General Fund,0
Dell Laptop,80042,ITS,1/14/2014,$33.51 ,$0.77 ,0.23,$7.70 ,$7.70 ,Successful,1/20/2014,,73587,,,3604415580,"$3,000 ",$0.00 ,$25.80 ,General Fund,0
Dell Laptop,80043,ITS,1/14/2014,$53.51 ,$1.23 ,0.23,$12.30 ,$12.30 ,Successful,1/14/2014,,73586,,,3604003385,"$3,000 ",$0.00 ,$41.20 ,General Fund,0
View Sonic Laptop,80044,ITS,1/14/2014,$21.00 ,$0.48 ,0.23,$4.83 ,$4.83 ,Successful,1/15/2014,,72977,,,3604067145,"$3,000 ",$0.00 ,$16.17 ,General Fund,0
2 GM Transmission Cores,80045,OFM,1/14/2014,$42.00 ,$0.97 ,0.23,$9.66 ,$9.66 ,Successful,2/12/2014,,OFM-76218A,,,3606113381,"$3,000 ",$0.00 ,$32.34 ,Enterprise,0
2 GM Transmission Cores,80046,OFM,1/14/2014,$32.00 ,$0.74 ,0.23,$7.36 ,$7.36 ,Successful,2/12/2014,,OFM-76218B,,,3606113398,"$3,000 ",$0.00 ,$24.64 ,Enterprise,0
GM Transmission Core,80047,OFM,1/14/2014,$21.00 ,$0.00 ,0.23,$4.83 ,$4.83 ,Successful,2/12/2014,,OFM-76218C,,,Money Order,"$3,000 ",$0.00 ,$16.17 ,Enterprise,0
3 Wooden Bookshelves,80048,SCHOOL BOARD WAREHOUSE,1/14/2014,$150.00 ,$3.45 ,0.23,$34.50 ,$34.50 ,Successful,1/20/2014,,SBS-6143A,,,3604443964,"$3,000 ",$0.00 ,$115.50 ,Enterprise,0
3 TV's & Carts,80049,SCHOOL BOARD WAREHOUSE,1/14/2014,$57.00 ,$1.31 ,0.23,$13.11 ,$13.11 ,Successful,1/14/2014,,SBS-5999,,,3604002153,"$3,000 ",$0.00 ,$43.89 ,Enterprise,0
3 Upright Pianos,80050,SCHOOL BOARD WAREHOUSE,1/14/2014,$103.00 ,$2.37 ,0.23,$23.69 ,$23.69 ,Successful,1/17/2014,,SBS-6097,,,3604287967,"$3,000 ",$0.00 ,$79.31 ,Enterprise,0
1 Pallet of Poster Board,80077,SCHOOL BOARD WAREHOUSE,1/15/2014,$105.52 ,$2.43 ,0.23,$24.26 ,$24.26 ,Successful,1/22/2014,,SBS-5643H,,,3604545608,"$3,000 ",$0.00 ,$81.25 ,Enterprise,0
Dell Laptop w/Bag,80081,ITS,1/15/2014,$74.35 ,$1.71 ,0.23,$17.10 ,$17.10 ,Successful,2/4/2014,,74544,,,3605526330,"$3,000 ",$0.00 ,$57.25 ,General Fund,0
4 Chairs,80082,WATER SERVICES,1/15/2014,$16.00 ,$0.37 ,0.23,$3.68 ,$3.68 ,Successful,1/16/2014,,"WS-73910, WS-73911, WS-73912, WS-73913",,,3604179042,"$3,000 ",$0.00 ,$12.32 ,Enterprise,0
2005 Chevrolet Tahoe,80095,OFM-FIRE,1/16/2014,"$2,525.00 ",$0.00 ,0.23,$580.75 ,$580.75 ,Successful,1/23/2014,80003497,,09A 3493,,Cashiers Check,"$3,000 ",$0.00 ,"$1,944.25 ",Enterprise,0
2001 Chevrolet Malibu,80098,OFM-CODES,1/16/2014,"$1,607.47 ",$36.97 ,0.23,$369.71 ,$369.71 ,Successful,1/16/2014,221641,,P 2687 AJ,,3604177890,"$3,000 ",$0.00 ,"$1,237.75 ",Enterprise,0
2003 Ford F-450,80099,OFM-WATER SERVICES,1/16/2014,"$6,350.00 ",$0.00 ,0.23,"$1,460.50 ","$1,460.50 ",Successful,1/21/2014,80000566,,31C 040,,Cashiers Check,"$3,000 ",$0.00 ,"$4,889.50 ",Enterprise,0
2005 Chevrolet 2500,80102,OFM-WATER SERVICES,1/16/2014,"$3,926.00 ",$0.00 ,0.23,$902.98 ,$902.98 ,Successful,1/27/2014,80002869,,31B 5283,,Cashiers Check,"$3,000 ",$0.00 ,"$3,023.02 ",Enterprise,0
Cubby,80104,METRO ACTION,1/16/2014,$42.00 ,$0.97 ,0.23,$9.66 ,$9.66 ,Successful,1/16/2014,,MAC-74021A,,,3604179061,"$3,000 ",$0.00 ,$32.34 ,Enterprise,0
Cubby,80105,METRO ACTION,1/16/2014,$49.00 ,$1.13 ,0.23,$11.27 ,$11.27 ,Successful,1/17/2014,,MAC-74021B,,,3604267312,"$3,000 ",$0.00 ,$37.73 ,Enterprise,0
Cubby,80106,METRO ACTION,1/16/2014,$78.00 ,$1.79 ,0.23,$17.94 ,$17.94 ,Successful,2/13/2014,,MAC-74021C,,,3606185719,"$3,000 ",$0.00 ,$60.06 ,Enterprise,0
Cubby,80107,METRO ACTION,1/16/2014,$23.00 ,$0.53 ,0.23,$5.29 ,$5.29 ,Successful,1/17/2014,,MAC-74021D,,,3604267325,"$3,000 ",$0.00 ,$17.71 ,Enterprise,0
Cubby,80108,METRO ACTION,1/16/2014,$17.00 ,$0.39 ,0.23,$3.91 ,$3.91 ,Successful,1/17/2014,,MAC-74021E,,,3604267340,"$3,000 ",$0.00 ,$13.09 ,Enterprise,0
Cubby,80109,METRO ACTION,1/16/2014,$47.00 ,$1.08 ,0.23,$10.81 ,$10.81 ,Successful,1/16/2014,,MAC-74021F,,,3604189967,"$3,000 ",$0.00 ,$36.19 ,Enterprise,0
23 Child Size Chairs,80110,METRO ACTION,1/16/2014,$52.25 ,$1.20 ,0.23,$12.01 ,$12.01 ,Successful,1/20/2014,,"MAC-74172, MAC-74168, MAC-74169, MAC-74170, MAC-74171",,,3604443996,"$3,000 ",$0.00 ,$40.23 ,Enterprise,0
Childrens Play Set,80111,METRO ACTION,1/16/2014,$13.00 ,$0.00 ,0.23,$2.99 ,$2.99 ,Successful,1/21/2014,,"MAC-74023, MAC-74032, MAC-74137, MAC-74159, MAC-74233, MAC-74235, MAC-74236, MAC-74237",,,Money Order,"$3,000 ",$0.00 ,$10.01 ,Enterprise,0
2-Drawer File Cabinet,80112,METRO ACTION,1/16/2014,$28.00 ,$0.64 ,0.23,$6.44 ,$6.44 ,Successful,1/16/2014,,MAC-74242,,,3604182590,"$3,000 ",$0.00 ,$21.56 ,Enterprise,0
Cloth Bulletin Board w/Stand,80113,NASHVILLE CONVENTION CTR,1/16/2014,$6.00 ,$0.14 ,0.23,$1.38 ,$1.38 ,Successful,2/6/2014,,"NCC-73173, NCC-73174, NCC-73161",,,3605690980,"$3,000 ",$0.00 ,$4.62 ,Enterprise,0
Assorted Cables & Power Strips,80114,NASHVILLE CONVENTION CTR,1/16/2014,$103.00 ,$2.37 ,0.23,$23.69 ,$23.69 ,Successful,1/23/2014,,"NCC-74712, NCC-74713, NCC-74714",,,3604669762,"$3,000 ",$0.00 ,$79.31 ,Enterprise,0
Filing Cart,80115,WATER SERVICES,1/16/2014,$11.00 ,$0.25 ,0.23,$2.53 ,$2.53 ,Successful,1/30/2014,,WS-74741,,,3605140643,"$3,000 ",$0.00 ,$8.47 ,Enterprise,0
Battery Pack,80116,NASHVILLE CONVENTION CTR,1/16/2014,$2.00 ,$0.00 ,0.23,$0.46 ,$0.46 ,Successful,1/22/2014,,NCC-74710,,,Money Order,"$3,000 ",$0.00 ,$1.54 ,Enterprise,0
"Dell 17"" Monitor",80117,NASHVILLE CONVENTION CTR,1/16/2014,$20.75 ,$0.48 ,0.23,$4.77 ,$4.77 ,Successful,1/16/2014,,NCC-74709,,,3604184093,"$3,000 ",$0.00 ,$15.97 ,Enterprise,0
Car/Truck Jack,80119,SCHOOL BOARD WAREHOUSE,1/21/2014,$205.00 ,$0.00 ,0.23,$47.15 ,$47.15 ,Successful,1/27/2014,,SBS-6228,,,Money Order,"$3,000 ",$0.00 ,$157.85 ,Enterprise,0
Greaser,80120,SCHOOL BOARD WAREHOUSE,1/21/2014,$130.00 ,$0.00 ,0.23,$29.90 ,$29.90 ,Successful,1/27/2014,,SBS-6229,,,Cashiers Check,"$3,000 ",$0.00 ,$100.10 ,Enterprise,0
Plastic Trailer,80121,SCHOOL BOARD WAREHOUSE,1/21/2014,$201.01 ,$4.62 ,0.23,$46.23 ,$46.23 ,Successful,1/22/2014,,SBS-6230,,,3604544314,"$3,000 ",$0.00 ,$154.77 ,Enterprise,0
Transmission Jack,80122,SCHOOL BOARD WAREHOUSE,1/21/2014,$160.00 ,$3.68 ,0.23,$36.80 ,$36.80 ,Successful,1/28/2014,,SBS-6227,,,3604997380,"$3,000 ",$0.00 ,$123.20 ,Enterprise,0
Dell Laptop,80126,ITS,1/21/2014,$52.00 ,$1.20 ,0.23,$11.96 ,$11.96 ,Successful,1/29/2014,,75987,,,3605074793,"$3,000 ",$0.00 ,$40.04 ,General Fund,0
Dell Laptop,80127,ITS,1/21/2014,$155.00 ,$3.56 ,0.23,$35.65 ,$35.65 ,Successful,2/17/2014,,75989,,,3606481109,"$3,000 ",$0.00 ,$119.35 ,General Fund,0
Dell Laptop,80128,ITS,1/21/2014,$146.00 ,$3.36 ,0.23,$33.58 ,$33.58 ,Successful,1/23/2014,,75990,,,3604642936,"$3,000 ",$0.00 ,$112.42 ,General Fund,0
Dell Laptop,80129,ITS,1/21/2014,$150.00 ,$3.45 ,0.23,$34.50 ,$34.50 ,Successful,1/23/2014,,75986,,,3604642951,"$3,000 ",$0.00 ,$115.50 ,General Fund,0
Dell Laptop,80130,ITS,1/21/2014,$68.00 ,$0.00 ,0.23,$15.64 ,$15.64 ,Successful,1/27/2014,,75975,,,Money Order,"$3,000 ",$0.00 ,$52.36 ,General Fund,0
Dell Laptop,80131,ITS,1/21/2014,$52.00 ,$1.20 ,0.23,$11.96 ,$11.96 ,Successful,1/29/2014,,75969,,,3605074805,"$3,000 ",$0.00 ,$40.04 ,General Fund,0
Dell Laptop,80132,ITS,1/21/2014,$32.00 ,$0.00 ,0.23,$7.36 ,$7.36 ,Successful,1/27/2014,,75968,,,Money Order,"$3,000 ",$0.00 ,$24.64 ,General Fund,0
Dell Laptop,80133,ITS,1/21/2014,$52.00 ,$1.20 ,0.23,$11.96 ,$11.96 ,Successful,2/4/2014,,75984,,,3605517585,"$3,000 ",$0.00 ,$40.04 ,General Fund,0
Dell Laptop,80134,ITS,1/21/2014,$52.00 ,$1.20 ,0.23,$11.96 ,$11.96 ,Successful,2/4/2014,,75982,,,3605517604,"$3,000 ",$0.00 ,$40.04 ,General Fund,0
Dell Laptop,80135,ITS,1/21/2014,$62.00 ,$1.43 ,0.23,$14.26 ,$14.26 ,Successful,2/4/2014,,75981,,,3605517614,"$3,000 ",$0.00 ,$47.74 ,General Fund,0
2 Flammable/Hazardous Material Cabinets,80147,SCHOOL BOARD WAREHOUSE,1/22/2014,$283.75 ,$6.53 ,0.23,$65.26 ,$65.26 ,Successful,1/22/2014,,SBS-6222,,,3604560994,"$3,000 ",$0.00 ,$218.48 ,Enterprise,0
2 Flammable/Hazardous Material Cabinets,80148,SCHOOL BOARD WAREHOUSE,1/22/2014,$188.00 ,$4.32 ,0.23,$43.24 ,$43.24 ,Successful,1/22/2014,,SBS-6223,,,3604561003,"$3,000 ",$0.00 ,$144.76 ,Enterprise,0
3 Cafeteria Tables,80149,SCHOOL BOARD WAREHOUSE,1/22/2014,$37.00 ,$0.85 ,0.23,$8.51 ,$8.51 ,Successful,1/23/2014,,SBS-6226,,,3604649153,"$3,000 ",$0.00 ,$28.49 ,Enterprise,0
2 Flammable/Hazardous Material Cabinets,80150,SCHOOL BOARD WAREHOUSE,1/22/2014,$429.99 ,$9.89 ,0.23,$98.89 ,$98.89 ,Successful,1/25/2014,,SBS-6221,,,3604805469,"$3,000 ",$0.00 ,$331.09 ,Enterprise,0
2 Computer Tables,80151,SCHOOL BOARD WAREHOUSE,1/22/2014,$25.01 ,$0.58 ,0.23,$5.75 ,$5.75 ,Successful,1/30/2014,,SBS-6225A,,,3605137517,"$3,000 ",$0.00 ,$19.25 ,Enterprise,0
2 Computer Tables,80152,SCHOOL BOARD WAREHOUSE,1/22/2014,$25.01 ,$0.58 ,0.23,$5.75 ,$5.75 ,Successful,1/30/2014,,SBS-6225B,,,3605137532,"$3,000 ",$0.00 ,$19.25 ,Enterprise,0
2 Computer Tables,80153,SCHOOL BOARD WAREHOUSE,1/22/2014,$29.01 ,$0.67 ,0.23,$6.67 ,$6.67 ,Successful,1/30/2014,,SBS-6225C,,,3605137542,"$3,000 ",$0.00 ,$22.33 ,Enterprise,0
2 Video Carts,80154,SCHOOL BOARD WAREHOUSE,1/22/2014,$17.00 ,$0.39 ,0.23,$3.91 ,$3.91 ,Successful,1/23/2014,,SBS-6190,,,3604669770,"$3,000 ",$0.00 ,$13.09 ,Enterprise,0
"3 RCA 27"" Televisions",80155,SCHOOL BOARD WAREHOUSE,1/22/2014,$9.00 ,$0.21 ,0.23,$2.07 ,$2.07 ,Successful,1/22/2014,,SBS-6167A,,,3604564897,"$3,000 ",$0.00 ,$6.93 ,Enterprise,0
TV w/Cart,80156,SCHOOL BOARD WAREHOUSE,1/22/2014,$1.00 ,$0.02 ,0.23,$0.23 ,$0.23 ,Successful,1/22/2014,,SBS-6187A,,,3604566059,"$3,000 ",$0.00 ,$0.77 ,Enterprise,0
TV w/Cart,80157,SCHOOL BOARD WAREHOUSE,1/22/2014,$4.00 ,$0.09 ,0.23,$0.92 ,$0.92 ,Successful,1/22/2014,,SBS-6187B,,,3604566662,"$3,000 ",$0.00 ,$3.08 ,Enterprise,0
TV Cart,80158,SCHOOL BOARD WAREHOUSE,1/22/2014,$12.69 ,$0.29 ,0.23,$2.91 ,$2.91 ,Successful,1/23/2014,,SBS-6218,,,3604669782,"$3,000 ",$0.00 ,$9.77 ,Enterprise,0
1 Pallet of Poster Board,80160,SCHOOL BOARD WAREHOUSE,1/22/2014,$42.13 ,$0.97 ,0.23,$9.68 ,$9.68 ,Successful,1/30/2014,,SBS-5643K,,,3605167377,"$3,000 ",$0.00 ,$32.44 ,Enterprise,0
Monitor w/Cart,80161,SCHOOL BOARD WAREHOUSE,1/22/2014,$4.50 ,$0.10 ,0.23,$1.03 ,$1.03 ,Successful,1/22/2014,,SBS-6189A,,,3604579860,"$3,000 ",$0.00 ,$3.46 ,Enterprise,0
Monitor w/Cart,80162,SCHOOL BOARD WAREHOUSE,1/22/2014,$4.50 ,$0.10 ,0.23,$1.03 ,$1.03 ,Successful,1/28/2014,,SBS-6189B,,,3605004548,"$3,000 ",$0.00 ,$3.46 ,Enterprise,0
Hussmann Ice Cream Freezer,80165,SCHOOL BOARD WAREHOUSE,1/22/2014,$160.00 ,$0.00 ,0.23,$36.80 ,$36.80 ,Successful,3/4/2014,,SBS-6163,,,Money Order,"$3,000 ",$0.00 ,$123.20 ,Enterprise,0
3 Apollo Projection Screens,80166,SCHOOL BOARD WAREHOUSE,1/22/2014,$27.50 ,$0.63 ,0.23,$6.33 ,$6.33 ,Successful,2/3/2014,,SBS-6148B,,,3605430521,"$3,000 ",$0.00 ,$21.18 ,Enterprise,0
Upright Piano,80167,SCHOOL BOARD WAREHOUSE,1/22/2014,$47.00 ,$1.08 ,0.23,$10.81 ,$10.81 ,Successful,2/3/2014,,SBS-6219,,,3605450583,"$3,000 ",$0.00 ,$36.19 ,Enterprise,0
"Vacant Land - 868 Carter Street, Nashville, TN 37206",80168,PUBLIC PROPERTY,2/5/2014,"$17,600.00 ",$0.00 ,0.03,$528.00 ,$528.00 ,Successful,3/12/2014,,AS14015,,,Cashiers Check,"$5,000,000,000 ",$0.00 ,"$17,072.00 ",General Fund,0
Radios & Equipment,80180,MDHA,1/23/2014,"$1,640.00 ",$37.72 ,0.23,$377.20 ,$377.20 ,Successful,1/23/2014,,MDHA-75890,,,3604647986,"$3,000 ",$0.00 ,"$1,262.80 ",Enterprise,0
Assorted Parts,80196,WATER SERVICES,1/23/2014,$452.00 ,$10.40 ,0.23,$103.96 ,$103.96 ,Successful,1/27/2014,,WS-76166B,,,3604882569,"$3,000 ",$0.00 ,$348.04 ,Enterprise,0
1 Lot of Cable,80197,WATER SERVICES,1/23/2014,$238.00 ,$5.47 ,0.23,$54.74 ,$54.74 ,Successful,1/23/2014,,WS-76166A,,,3604676841,"$3,000 ",$0.00 ,$183.26 ,Enterprise,0
1 Pallet of Service Saddles,80198,WATER SERVICES,1/23/2014,$62.00 ,$1.43 ,0.23,$14.26 ,$14.26 ,Successful,1/27/2014,,WS-76168A,,,3604882585,"$3,000 ",$0.00 ,$47.74 ,Enterprise,0
Assorted Parts,80199,WATER SERVICES,1/23/2014,$370.00 ,$8.51 ,0.23,$85.10 ,$85.10 ,Successful,1/27/2014,,WS-76168B,,,3604882601,"$3,000 ",$0.00 ,$284.90 ,Enterprise,0
Assorted Parts,80200,WATER SERVICES,1/23/2014,$37.00 ,$0.00 ,0.23,$8.51 ,$8.51 ,Successful,1/23/2014,,WS-76167,,,Money Order,"$3,000 ",$0.00 ,$28.49 ,Enterprise,0
Assorted Parts,80201,WATER SERVICES,1/23/2014,$40.00 ,$0.00 ,0.23,$9.20 ,$9.20 ,Successful,1/23/2014,,WS-76169,,,Money Order,"$3,000 ",$0.00 ,$30.80 ,Enterprise,0
Sink,80202,NASHVILLE CONVENTION CTR,1/23/2014,$81.00 ,$1.86 ,0.23,$18.63 ,$18.63 ,Successful,1/27/2014,,NCC-75601,,,3604906914,"$3,000 ",$0.00 ,$62.37 ,Enterprise,0
Booth,80204,NASHVILLE CONVENTION CTR,1/23/2014,$34.01 ,$0.78 ,0.23,$7.82 ,$7.82 ,Successful,1/23/2014,,NCC-75739,,,3604669948,"$3,000 ",$0.00 ,$26.18 ,Enterprise,0
Warmer,80205,NASHVILLE CONVENTION CTR,1/23/2014,$306.00 ,$0.00 ,0.23,$70.38 ,$70.38 ,Successful,1/23/2014,,NCC-75598,,,Cashiers Check,"$3,000 ",$0.00 ,$235.62 ,Enterprise,0
Warmer,80206,NASHVILLE CONVENTION CTR,1/23/2014,$326.00 ,$0.00 ,0.23,$74.98 ,$74.98 ,Successful,1/23/2014,,NCC-75597,,,Cashiers Check,"$3,000 ",$0.00 ,$251.02 ,Enterprise,0
Large Wooden Picture Frame,80207,NASHVILLE CONVENTION CTR,1/23/2014,$4.50 ,$0.10 ,0.23,$1.03 ,$1.03 ,Successful,1/30/2014,,NCC-75480,,,3605135530,"$3,000 ",$0.00 ,$3.46 ,Enterprise,0
Dell Laptop w/Bag,80208,ITS,1/23/2014,$68.01 ,$1.56 ,0.23,$15.64 ,$15.64 ,Successful,1/30/2014,,74577,,,3605130826,"$3,000 ",$0.00 ,$52.36 ,General Fund,0
Dell Laptop w/Bag,80209,ITS,1/23/2014,$50.01 ,$1.15 ,0.23,$11.50 ,$11.50 ,Successful,1/23/2014,,74580,,,3604672974,"$3,000 ",$0.00 ,$38.50 ,General Fund,0
Dell Laptop w/Bag,80210,ITS,1/23/2014,$52.00 ,$1.20 ,0.23,$11.96 ,$11.96 ,Successful,1/23/2014,,74581,,,3604662600,"$3,000 ",$0.00 ,$40.04 ,General Fund,0
Dell Laptop w/Bag,80211,ITS,1/23/2014,$150.00 ,$0.00 ,0.23,$34.50 ,$34.50 ,Successful,1/27/2014,,75424,,,Money Order,"$3,000 ",$0.00 ,$115.50 ,General Fund,0
Dell Laptop w/Bag,80212,ITS,1/23/2014,$155.00 ,$0.00 ,0.23,$35.65 ,$35.65 ,Successful,1/27/2014,,75431,,,Money Order,"$3,000 ",$0.00 ,$119.35 ,General Fund,0
Dell Laptop w/Bag,80213,ITS,1/23/2014,$155.00 ,$0.00 ,0.23,$35.65 ,$35.65 ,Successful,1/27/2014,,75422,,,Money Order,"$3,000 ",$0.00 ,$119.35 ,General Fund,0
Dell Laptop w/Bag,80214,ITS,1/23/2014,$135.00 ,$3.10 ,0.23,$31.05 ,$31.05 ,Successful,1/23/2014,,74596,,,3604669080,"$3,000 ",$0.00 ,$103.95 ,General Fund,0
Dell Laptop w/Bag,80215,ITS,1/23/2014,$98.00 ,$2.25 ,0.23,$22.54 ,$22.54 ,Successful,1/30/2014,,74589,,,3605130836,"$3,000 ",$0.00 ,$75.46 ,General Fund,0
Dell Laptop w/Bag,80216,ITS,1/23/2014,$71.00 ,$1.63 ,0.23,$16.33 ,$16.33 ,Successful,1/30/2014,,74594,,,3605130849,"$3,000 ",$0.00 ,$54.67 ,General Fund,0
Dell Laptop w/Bag,80219,ITS,1/23/2014,$50.00 ,$0.00 ,0.23,$11.50 ,$11.50 ,Successful,1/27/2014,,74560,,,Money Order,"$3,000 ",$0.00 ,$38.50 ,General Fund,0
Weed Eater,80221,HEALTH,1/23/2014,$43.00 ,$0.99 ,0.23,$9.89 ,$9.89 ,Successful,1/23/2014,,76056,,,3604669962,"$3,000 ",$0.00 ,$33.11 ,General Fund,0
Pro Force Blower,80224,HEALTH,1/23/2014,$42.00 ,$0.97 ,0.23,$9.66 ,$9.66 ,Successful,1/23/2014,,76059,,,3604669983,"$3,000 ",$0.00 ,$32.34 ,General Fund,0
2000 John Deere Turf Tractor,80225,OFM-PARKS,1/23/2014,"$4,875.00 ",$0.00 ,0.23,"$1,121.25 ","$1,121.25 ",Successful,1/27/2014,219435,,29 5028,,Cashiers Check,"$3,000 ",$0.00 ,"$3,753.75 ",Enterprise,0
Stihl Hedge Trimmer,80226,HEALTH,1/23/2014,$78.25 ,$1.80 ,0.23,$17.99 ,$17.99 ,Successful,1/27/2014,,76058,,,3604906933,"$3,000 ",$0.00 ,$60.25 ,General Fund,0
Floor Jack,80227,HEALTH,1/23/2014,$60.01 ,$1.38 ,0.23,$13.80 ,$13.80 ,Successful,1/23/2014,,76057,,,3604669996,"$3,000 ",$0.00 ,$46.20 ,General Fund,0
Shelving,80228,HEALTH,1/23/2014,$465.00 ,$10.70 ,0.23,$106.95 ,$106.95 ,Successful,1/28/2014,,"76138, 76139, 76140, 76141, 76142, 76143, 76144, 76145, 76146, 76147, 76148",,,3604987920,"$3,000 ",$0.00 ,$358.05 ,General Fund,0
2003 Bobcat Zero Turn Mower,80229,OFM-SHERIFF,1/23/2014,"$1,975.00 ",$0.00 ,0.23,$454.25 ,$454.25 ,Successful,1/30/2014,80000814,,34093,,Cashiers Check,"$3,000 ",$0.00 ,"$1,520.75 ",Enterprise,0
2003 Bobcat Zero Turn Mower,80230,OFM-SHERIFF,1/23/2014,"$2,025.00 ",$0.00 ,0.23,$465.75 ,$465.75 ,Successful,1/28/2014,80000816,,34095,,Cashiers Check,"$3,000 ",$0.00 ,"$1,559.25 ",Enterprise,0
Dell Laptop,80231,ITS,1/27/2014,$43.51 ,$1.00 ,0.23,$10.00 ,$10.00 ,Successful,1/30/2014,,70105,,,3605130003,"$3,000 ",$0.00 ,$33.50 ,General Fund,0
Dell Laptop,80232,ITS,1/27/2014,$37.51 ,$0.86 ,0.23,$8.62 ,$8.62 ,Successful,1/28/2014,,70106,,,3605010182,"$3,000 ",$0.00 ,$28.88 ,General Fund,0
Dell Laptop,80233,ITS,1/27/2014,$37.51 ,$0.86 ,0.23,$8.62 ,$8.62 ,Successful,1/30/2014,,70062,,,3605130014,"$3,000 ",$0.00 ,$28.88 ,General Fund,0
Dell Laptop,80234,ITS,1/27/2014,$45.00 ,$1.04 ,0.23,$10.35 ,$10.35 ,Successful,1/28/2014,,70061,,,3605001742,"$3,000 ",$0.00 ,$34.65 ,General Fund,0
Dell Laptop,80235,ITS,1/27/2014,$42.00 ,$0.97 ,0.23,$9.66 ,$9.66 ,Successful,1/28/2014,,70063,,,3605001764,"$3,000 ",$0.00 ,$32.34 ,General Fund,0
Dell Laptop,80236,ITS,1/27/2014,$38.60 ,$0.89 ,0.23,$8.87 ,$8.87 ,Successful,1/30/2014,,70064,,,3605130026,"$3,000 ",$0.00 ,$29.72 ,General Fund,0
Dell Laptop,80237,ITS,1/27/2014,$37.51 ,$0.86 ,0.23,$8.62 ,$8.62 ,Successful,1/30/2014,,71620,,,3605130038,"$3,000 ",$0.00 ,$28.88 ,General Fund,0
Dell Laptop,80238,ITS,1/27/2014,$34.00 ,$0.78 ,0.23,$7.82 ,$7.82 ,Successful,2/17/2014,,70113,,,3606436692,"$3,000 ",$0.00 ,$26.18 ,General Fund,0
Dell Laptop,80239,ITS,1/27/2014,$35.51 ,$0.82 ,0.23,$8.17 ,$8.17 ,Successful,2/17/2014,,70112,,,3606436715,"$3,000 ",$0.00 ,$27.34 ,General Fund,0
Dell Laptop,80240,ITS,1/27/2014,$30.00 ,$0.69 ,0.23,$6.90 ,$6.90 ,Successful,2/17/2014,,70107,,,3606436727,"$3,000 ",$0.00 ,$23.10 ,General Fund,0
Dell Laptop,80241,ITS,1/27/2014,$2.00 ,$0.05 ,0.23,$0.46 ,$0.46 ,Successful,1/28/2014,,70108,,,3605011670,"$3,000 ",$0.00 ,$1.54 ,General Fund,0
4 Laptop Bags,80242,ITS,1/27/2014,$21.00 ,$0.48 ,0.23,$4.83 ,$4.83 ,Successful,2/10/2014,,"72304, 72310, 72319, 72320",,,3605942150,"$3,000 ",$0.00 ,$16.17 ,General Fund,0
Lanier Cassette Duplicator,80244,DISTRICT ATTORNEY,1/27/2014,$6.50 ,$0.15 ,0.23,$1.49 ,$1.49 ,Successful,1/28/2014,,DA-71498,,,3604965437,"$3,000 ",$0.00 ,$5.00 ,Enterprise,0
Dell Computer,80245,DISTRICT ATTORNEY,1/27/2014,$2.00 ,$0.05 ,0.23,$0.46 ,$0.46 ,Successful,1/27/2014,,DA-71490,,,3604911586,"$3,000 ",$0.00 ,$1.54 ,Enterprise,0
6 Wheel Dolly,80246,NASHVILLE CONVENTION CTR,1/27/2014,$25.01 ,$0.58 ,0.23,$5.75 ,$5.75 ,Successful,1/29/2014,,NCC-76711,,,3605069696,"$3,000 ",$0.00 ,$19.25 ,Enterprise,0
Crystal Springs Water Machine,80247,NASHVILLE CONVENTION CTR,1/27/2014,$52.00 ,$1.20 ,0.23,$11.96 ,$11.96 ,Successful,1/29/2014,,NCC-76379A,,,3605077567,"$3,000 ",$0.00 ,$40.04 ,Enterprise,0
Rubbermaid Cart,80248,NASHVILLE CONVENTION CTR,1/27/2014,$32.00 ,$0.74 ,0.23,$7.36 ,$7.36 ,Successful,2/3/2014,,NCC-76379,,,3605450609,"$3,000 ",$0.00 ,$24.64 ,Enterprise,0
Ladder,80249,NASHVILLE CONVENTION CTR,1/27/2014,$6.02 ,$0.14 ,0.23,$1.38 ,$1.38 ,Successful,1/27/2014,,NCC-76459,,,3604908472,"$3,000 ",$0.00 ,$4.63 ,Enterprise,0
Metal Cart,80250,NASHVILLE CONVENTION CTR,1/27/2014,$3.02 ,$0.07 ,0.23,$0.69 ,$0.69 ,Successful,2/3/2014,,NCC-76480,,,3605450622,"$3,000 ",$0.00 ,$2.33 ,Enterprise,0
Mariani Cart,80251,NASHVILLE CONVENTION CTR,1/27/2014,$6.01 ,$0.14 ,0.23,$1.38 ,$1.38 ,Successful,2/3/2014,,NCC-76465A,,,3605450632,"$3,000 ",$0.00 ,$4.63 ,Enterprise,0
Step Ladder,80252,NASHVILLE CONVENTION CTR,1/27/2014,$16.01 ,$0.37 ,0.23,$3.68 ,$3.68 ,Successful,1/29/2014,,NCC-76458,,,3605070044,"$3,000 ",$0.00 ,$12.32 ,Enterprise,0
6 Barriers,80253,NASHVILLE CONVENTION CTR,1/27/2014,$38.00 ,$0.87 ,0.23,$8.74 ,$8.74 ,Successful,1/27/2014,,"NCC-76457, NCC-76721",,,3604923509,"$3,000 ",$0.00 ,$29.26 ,Enterprise,0
9 Stands,80254,NASHVILLE CONVENTION CTR,1/27/2014,$8.17 ,$0.19 ,0.23,$1.87 ,$1.87 ,Successful,1/27/2014,,NCC-76398,,,3604908138,"$3,000 ",$0.00 ,$6.29 ,Enterprise,0
"Toshiba 32"" Television",80255,NASHVILLE CONVENTION CTR,1/27/2014,$7.77 ,$0.18 ,0.23,$1.78 ,$1.78 ,Successful,1/30/2014,,NCC-76432,,,3605146042,"$3,000 ",$0.00 ,$5.98 ,Enterprise,0
Powermatic Table Saw,80256,NASHVILLE CONVENTION CTR,1/27/2014,$437.23 ,$10.06 ,0.23,$100.56 ,$100.56 ,Successful,1/27/2014,,NCC-77222,,,3604931107,"$3,000 ",$0.00 ,$336.66 ,Enterprise,0
Krueger Table,80257,NASHVILLE CONVENTION CTR,1/27/2014,$4.01 ,$0.00 ,0.23,$0.92 ,$0.92 ,Successful,1/30/2014,,NCC-76451,,,Money Order,"$3,000 ",$0.00 ,$3.08 ,Enterprise,0
Round Table,80258,NASHVILLE CONVENTION CTR,1/27/2014,$27.00 ,$0.62 ,0.23,$6.21 ,$6.21 ,Successful,2/3/2014,,NCC-76415,,,3605430540,"$3,000 ",$0.00 ,$20.79 ,Enterprise,0
Round Table,80259,NASHVILLE CONVENTION CTR,1/27/2014,$27.00 ,$0.62 ,0.23,$6.21 ,$6.21 ,Successful,2/3/2014,,NCC-76481,,,3605430564,"$3,000 ",$0.00 ,$20.79 ,Enterprise,0
"Vacant Land - 60 Robertson Street, Nashville, TN 37210",80262,PUBLIC PROPERTY,2/12/2014,"$5,025.00 ",$0.00 ,0.03,$150.75 ,$150.75 ,Successful,3/17/2014,,RP14012,,,Cashiers Check,"$5,000,000,000 ",$0.00 ,"$4,874.25 ",General Fund,0
10 Stackable Chairs,80269,NASHVILLE CONVENTION CTR,1/30/2014,$57.00 ,$1.31 ,0.23,$13.11 ,$13.11 ,Successful,1/30/2014,,NCC-74908,,,3605146985,"$3,000 ",$0.00 ,$43.89 ,Enterprise,0
10 Chairs,80270,NASHVILLE CONVENTION CTR,1/30/2014,$9.51 ,$0.00 ,0.23,$2.18 ,$2.18 ,Successful,1/30/2014,,NCC-74907,,,Cashiers Check,"$3,000 ",$0.00 ,$7.32 ,Enterprise,0
10 Stackable Chairs,80271,NASHVILLE CONVENTION CTR,1/30/2014,$16.00 ,$0.00 ,0.23,$3.68 ,$3.68 ,Successful,1/30/2014,,NCC-74905,,,Cashiers Check,"$3,000 ",$0.00 ,$12.32 ,Enterprise,0
Table,80272,NASHVILLE CONVENTION CTR,1/30/2014,$3.02 ,$0.07 ,0.23,$0.69 ,$0.69 ,Successful,2/26/2014,,NCC-74339,,,3607188455,"$3,000 ",$0.00 ,$2.33 ,Enterprise,0
Table,80273,NASHVILLE CONVENTION CTR,1/30/2014,$5.00 ,$0.12 ,0.23,$1.15 ,$1.15 ,Successful,2/26/2014,,NCC-74340,,,3607188469,"$3,000 ",$0.00 ,$3.85 ,Enterprise,0
Table,80274,NASHVILLE CONVENTION CTR,1/30/2014,$1.00 ,$0.02 ,0.23,$0.23 ,$0.23 ,Successful,2/26/2014,,NCC-74370,,,3607188494,"$3,000 ",$0.00 ,$0.77 ,Enterprise,0
Table,80275,NASHVILLE CONVENTION CTR,1/30/2014,$5.01 ,$0.12 ,0.23,$1.15 ,$1.15 ,Successful,2/8/2014,,NCC-74341,,,3605865703,"$3,000 ",$0.00 ,$3.86 ,Enterprise,0
Metal Desk,80276,NASHVILLE CONVENTION CTR,1/30/2014,$8.00 ,$0.18 ,0.23,$1.84 ,$1.84 ,Successful,1/31/2014,,NCC-74472,,,3605252500,"$3,000 ",$0.00 ,$6.16 ,Enterprise,0
2 Crowd Control Posts,80277,NASHVILLE CONVENTION CTR,1/30/2014,$11.00 ,$0.25 ,0.23,$2.53 ,$2.53 ,Successful,2/25/2014,,NCC-74372,,,3607073754,"$3,000 ",$0.00 ,$8.47 ,Enterprise,0
Chair,80278,NASHVILLE CONVENTION CTR,1/30/2014,$2.00 ,$0.05 ,0.23,$0.46 ,$0.46 ,Successful,2/2/2014,,NCC-74466,,,3605383632,"$3,000 ",$0.00 ,$1.54 ,Enterprise,0
Chair,80279,NASHVILLE CONVENTION CTR,1/30/2014,$4.00 ,$0.09 ,0.23,$0.92 ,$0.92 ,Successful,2/2/2014,,NCC-74467,,,3605383640,"$3,000 ",$0.00 ,$3.08 ,Enterprise,0
3 Control Posts,80280,NASHVILLE CONVENTION CTR,1/30/2014,$21.00 ,$0.48 ,0.23,$4.83 ,$4.83 ,Successful,2/26/2014,,"NCC-74462, NCC-74461, NCC-74463",,,3607156246,"$3,000 ",$0.00 ,$16.17 ,Enterprise,0
2 Rolling Office Chairs,80281,NASHVILLE CONVENTION CTR,1/30/2014,$13.51 ,$0.31 ,0.23,$3.11 ,$3.11 ,Successful,2/3/2014,,"NCC-74914, NCC-74915",,,3605438015,"$3,000 ",$0.00 ,$10.40 ,Enterprise,0
Piano Bench,80282,NASHVILLE CONVENTION CTR,1/30/2014,$29.00 ,$0.67 ,0.23,$6.67 ,$6.67 ,Successful,2/4/2014,,NCC-74465,,,3605488229,"$3,000 ",$0.00 ,$22.33 ,Enterprise,0
End Table,80283,WATER SERVICES,1/30/2014,$6.00 ,$0.14 ,0.23,$1.38 ,$1.38 ,Successful,1/30/2014,,WS-74747,,,3605151370,"$3,000 ",$0.00 ,$4.62 ,Enterprise,0
Desk,80284,WATER SERVICES,1/30/2014,$6.00 ,$0.14 ,0.23,$1.38 ,$1.38 ,Successful,2/3/2014,,WS-74746,,,3605407317,"$3,000 ",$0.00 ,$4.62 ,Enterprise,0
Office Chair,80285,WATER SERVICES,1/30/2014,$46.00 ,$1.06 ,0.23,$10.58 ,$10.58 ,Successful,1/30/2014,,WS-74751,,,3605152886,"$3,000 ",$0.00 ,$35.42 ,Enterprise,0
Table,80287,WATER SERVICES,1/30/2014,$6.12 ,$0.14 ,0.23,$1.41 ,$1.41 ,Successful,2/26/2014,,WS-74764,,,3607156281,"$3,000 ",$0.00 ,$4.71 ,Enterprise,0
Chair,80288,WATER SERVICES,1/30/2014,$2.00 ,$0.05 ,0.23,$0.46 ,$0.46 ,Successful,2/17/2014,,WS-74750,,,3606436737,"$3,000 ",$0.00 ,$1.54 ,Enterprise,0
Wooden Table,80289,WATER SERVICES,1/30/2014,$18.00 ,$0.41 ,0.23,$4.14 ,$4.14 ,Successful,1/30/2014,,WS-74766,,,3605200733,"$3,000 ",$0.00 ,$13.86 ,Enterprise,0
Round Table,80290,NASHVILLE CONVENTION CTR,1/30/2014,$9.00 ,$0.21 ,0.23,$2.07 ,$2.07 ,Successful,2/4/2014,,NCC-74456,,,3605526634,"$3,000 ",$0.00 ,$6.93 ,Enterprise,0
Round Table,80291,NASHVILLE CONVENTION CTR,1/30/2014,$9.00 ,$0.21 ,0.23,$2.07 ,$2.07 ,Successful,2/4/2014,,NCC-74459,,,3605526656,"$3,000 ",$0.00 ,$6.93 ,Enterprise,0
Round Table,80292,NASHVILLE CONVENTION CTR,1/30/2014,$6.00 ,$0.14 ,0.23,$1.38 ,$1.38 ,Successful,2/26/2014,,NCC-74457,,,3607188533,"$3,000 ",$0.00 ,$4.62 ,Enterprise,0
Round Table,80293,NASHVILLE CONVENTION CTR,1/30/2014,$9.00 ,$0.21 ,0.23,$2.07 ,$2.07 ,Successful,2/4/2014,,NCC-74458,,,3605526672,"$3,000 ",$0.00 ,$6.93 ,Enterprise,0
Round Table,80294,NASHVILLE CONVENTION CTR,1/30/2014,$1.00 ,$0.02 ,0.23,$0.23 ,$0.23 ,Successful,2/26/2014,,NCC-74447,,,3607188562,"$3,000 ",$0.00 ,$0.77 ,Enterprise,0
Round Table,80295,NASHVILLE CONVENTION CTR,1/30/2014,$5.00 ,$0.12 ,0.23,$1.15 ,$1.15 ,Successful,2/26/2014,,NCC-74448,,,3607188745,"$3,000 ",$0.00 ,$3.85 ,Enterprise,0
2 Round Tables,80296,NASHVILLE CONVENTION CTR,1/30/2014,$6.45 ,$0.15 ,0.23,$1.48 ,$1.48 ,Successful,2/26/2014,,"NCC-74444, NCC-74446",,,3607188771,"$3,000 ",$0.00 ,$4.97 ,Enterprise,0
2 Round Tables,80297,NASHVILLE CONVENTION CTR,1/30/2014,$6.77 ,$0.16 ,0.23,$1.56 ,$1.56 ,Successful,2/26/2014,,"NCC-74449, NCC-74450",,,3607188821,"$3,000 ",$0.00 ,$5.21 ,Enterprise,0
2 Round Tables,80298,NASHVILLE CONVENTION CTR,1/30/2014,$6.17 ,$0.14 ,0.23,$1.42 ,$1.42 ,Successful,2/26/2014,,"NCC-74438, NCC-74439",,,3607188867,"$3,000 ",$0.00 ,$4.75 ,Enterprise,0
10 Chairs,80340,NASHVILLE CONVENTION CTR,2/4/2014,$130.00 ,$0.00 ,0.23,$29.90 ,$29.90 ,Successful,2/11/2014,,NCC-74904,,,Cashiers Check,"$3,000 ",$0.00 ,$100.10 ,Enterprise,0
10 Chairs,80341,NASHVILLE CONVENTION CTR,2/4/2014,$99.00 ,$0.00 ,0.23,$22.77 ,$22.77 ,Successful,2/11/2014,,NCC-74903,,,Cashiers Check,"$3,000 ",$0.00 ,$76.23 ,Enterprise,0
10 Chairs,80342,NASHVILLE CONVENTION CTR,2/4/2014,$83.00 ,$0.00 ,0.23,$19.09 ,$19.09 ,Successful,2/11/2014,,NCC-74902,,,Cashiers Check,"$3,000 ",$0.00 ,$63.91 ,Enterprise,0
Round Table,80343,NASHVILLE CONVENTION CTR,2/4/2014,$8.00 ,$0.18 ,0.23,$1.84 ,$1.84 ,Successful,2/5/2014,,NCC-74445,,,3605608080,"$3,000 ",$0.00 ,$6.16 ,Enterprise,0
Round Table,80344,NASHVILLE CONVENTION CTR,2/4/2014,$11.00 ,$0.25 ,0.23,$2.53 ,$2.53 ,Successful,2/5/2014,,NCC-74443,,,3605608091,"$3,000 ",$0.00 ,$8.47 ,Enterprise,0
Bar Stool,80345,NASHVILLE CONVENTION CTR,2/4/2014,$2.00 ,$0.05 ,0.23,$0.46 ,$0.46 ,Successful,2/25/2014,,NCC-74956,,,3607073784,"$3,000 ",$0.00 ,$1.54 ,Enterprise,0
"Panasonic 20"" TV/VCR Combo",80346,WATER SERVICES,2/4/2014,$11.00 ,$0.25 ,0.23,$2.53 ,$2.53 ,Successful,2/4/2014,,WS-74759,,,3605517841,"$3,000 ",$0.00 ,$8.47 ,Enterprise,0
"Dell 17"" Flat Screen Monitor",80347,ITS,2/4/2014,$18.00 ,$0.41 ,0.23,$4.14 ,$4.14 ,Successful,2/4/2014,,75302,,,3605517628,"$3,000 ",$0.00 ,$13.86 ,General Fund,0
"Dell 15"" Flat Screen Monitor",80348,ITS,2/4/2014,$21.00 ,$0.48 ,0.23,$4.83 ,$4.83 ,Successful,2/4/2014,,75295,,,3605547503,"$3,000 ",$0.00 ,$16.17 ,General Fund,0
Assorted Cables,80349,ITS,2/4/2014,$27.00 ,$0.62 ,0.23,$6.21 ,$6.21 ,Successful,2/12/2014,,75294,,,3606121896,"$3,000 ",$0.00 ,$20.79 ,General Fund,0
"Dell 17"" Flat Screen Monitor",80350,FIRE,2/4/2014,$29.00 ,$0.67 ,0.23,$6.67 ,$6.67 ,Successful,2/4/2014,,76679,,,3605527472,"$3,000 ",$0.00 ,$22.33 ,General Fund,0
"Dell 17"" Flat Screen Monitor",80351,FIRE,2/4/2014,$32.00 ,$0.74 ,0.23,$7.36 ,$7.36 ,Successful,2/4/2014,,76678,,,3605527495,"$3,000 ",$0.00 ,$24.64 ,General Fund,0
"Dell 19"" Flat Screen Monitor",80352,FIRE,2/4/2014,$41.00 ,$0.94 ,0.23,$9.43 ,$9.43 ,Successful,2/4/2014,,76681,,,3605527513,"$3,000 ",$0.00 ,$31.57 ,General Fund,0
"Dell 27"" Flat Screen Monitor",80353,FIRE,2/4/2014,$68.00 ,$1.56 ,0.23,$15.64 ,$15.64 ,Successful,2/4/2014,,76677,,,3605514699,"$3,000 ",$0.00 ,$52.36 ,General Fund,0
Dell Optiplex 780 PC,80354,ITS,2/4/2014,$52.00 ,$1.20 ,0.23,$11.96 ,$11.96 ,Successful,2/4/2014,,75613,,,3605517653,"$3,000 ",$0.00 ,$40.04 ,General Fund,0
8 Dell Optiplex 780 PC's,80355,ITS,2/4/2014,$455.76 ,$10.48 ,0.23,$104.82 ,$104.82 ,Successful,2/18/2014,,"75612, 75614, 75615, 75616, 75617, 75618, 75619, 75620",,,3606543860,"$3,000 ",$0.00 ,$350.94 ,General Fund,0
HP Laser Jet 1320tn,80356,FIRE,2/4/2014,$49.00 ,$1.13 ,0.23,$11.27 ,$11.27 ,Successful,2/4/2014,,76674,,,3605525085,"$3,000 ",$0.00 ,$37.73 ,General Fund,0
HP Laser Jet 1320n,80357,FIRE,2/4/2014,$50.00 ,$1.15 ,0.23,$11.50 ,$11.50 ,Successful,2/4/2014,,76673,,,3605525492,"$3,000 ",$0.00 ,$38.50 ,General Fund,0
Hitachi Multimedia LCD Projector,80358,FIRE,2/4/2014,$103.00 ,$2.37 ,0.23,$23.69 ,$23.69 ,Successful,2/7/2014,,76684,,,3605748684,"$3,000 ",$0.00 ,$79.31 ,General Fund,0
2 Dell Optiplex GX620 PC's,80359,FIRE,2/4/2014,$21.00 ,$0.48 ,0.23,$4.83 ,$4.83 ,Successful,2/4/2014,,"76665, 76666",,,3605514717,"$3,000 ",$0.00 ,$16.17 ,General Fund,0
5 Dell PC's,80360,FIRE,2/4/2014,$165.00 ,$0.00 ,0.23,$37.95 ,$37.95 ,Successful,2/12/2014,,"76657, 76658, 76659, 76660, 76661",,,Money Order,"$3,000 ",$0.00 ,$127.05 ,General Fund,0
Dell Laptop,80361,FIRE,2/4/2014,$57.00 ,$1.31 ,0.23,$13.11 ,$13.11 ,Successful,2/13/2014,,76662,,,3606207329,"$3,000 ",$0.00 ,$43.89 ,General Fund,0
Dell Laptop,80362,FIRE,2/4/2014,$55.00 ,$1.26 ,0.23,$12.65 ,$12.65 ,Successful,2/4/2014,,76663,,,3605517669,"$3,000 ",$0.00 ,$42.35 ,General Fund,0
Dell Laptop,80363,FIRE,2/4/2014,$57.00 ,$1.31 ,0.23,$13.11 ,$13.11 ,Successful,2/13/2014,,76664,,,3606207343,"$3,000 ",$0.00 ,$43.89 ,General Fund,0
Canon Image Runner 10231F,80364,HEALTH,2/4/2014,$47.09 ,$1.08 ,0.23,$10.83 ,$10.83 ,Successful,2/13/2014,,74391,,,3606207357,"$3,000 ",$0.00 ,$36.26 ,General Fund,0
2 X-Ray View Boxes,80365,HEALTH,2/4/2014,$28.50 ,$0.66 ,0.23,$6.56 ,$6.56 ,Successful,2/20/2014,,"74393, 74394",,,3606713625,"$3,000 ",$0.00 ,$21.95 ,General Fund,0
Toshiba DVD/VCR Combo,80366,HEALTH,2/4/2014,$37.00 ,$0.85 ,0.23,$8.51 ,$8.51 ,Successful,2/4/2014,,74380,,,3605525733,"$3,000 ",$0.00 ,$28.49 ,General Fund,0
Ricoh Printer,80367,HEALTH,2/4/2014,$4.51 ,$0.10 ,0.23,$1.04 ,$1.04 ,Successful,2/11/2014,,76301,,,3606071363,"$3,000 ",$0.00 ,$3.47 ,General Fund,0
HP Laser Jet 4Plus,80368,HEALTH,2/4/2014,$1.00 ,$0.02 ,0.23,$0.23 ,$0.23 ,Successful,2/4/2014,,76305,,,3605524559,"$3,000 ",$0.00 ,$0.77 ,General Fund,0
Dell Optiplex 760,80369,ECD COMMUNICATIONS,2/4/2014,$20.01 ,$0.00 ,0.23,$4.60 ,$4.60 ,Successful,2/12/2014,,ECD-76135,,,Money Order,"$3,000 ",$0.00 ,$15.41 ,Enterprise,0
Dell Optiplex 760,80370,ECD COMMUNICATIONS,2/4/2014,$26.01 ,$0.00 ,0.23,$5.98 ,$5.98 ,Successful,2/12/2014,,ECD-76128,,,Money Order,"$3,000 ",$0.00 ,$20.03 ,Enterprise,0
Dell Optiplex 760,80371,ECD COMMUNICATIONS,2/4/2014,$24.00 ,$0.00 ,0.23,$5.52 ,$5.52 ,Successful,2/12/2014,,ECD-76132,,,Money Order,"$3,000 ",$0.00 ,$18.48 ,Enterprise,0
Dell Optiplex 760,80372,ECD COMMUNICATIONS,2/4/2014,$37.01 ,$0.85 ,0.23,$8.51 ,$8.51 ,Successful,2/4/2014,,ECD-76126,,,3605527536,"$3,000 ",$0.00 ,$28.50 ,Enterprise,0
Dell Optiplex 760,80373,ECD COMMUNICATIONS,2/4/2014,$24.00 ,$0.00 ,0.23,$5.52 ,$5.52 ,Successful,2/12/2014,,ECD-76129,,,Money Order,"$3,000 ",$0.00 ,$18.48 ,Enterprise,0
Dell Optiplex 760,80374,ECD COMMUNICATIONS,2/4/2014,$42.00 ,$0.00 ,0.23,$9.66 ,$9.66 ,Successful,2/12/2014,,ECD-76121,,,Money Order,"$3,000 ",$0.00 ,$32.34 ,Enterprise,0
Dell Optiplex 780,80375,ECD COMMUNICATIONS,2/4/2014,$65.00 ,$1.50 ,0.23,$14.95 ,$14.95 ,Successful,2/4/2014,,ECD-76137,,,3605532233,"$3,000 ",$0.00 ,$50.05 ,Enterprise,0
CLC 24 ft. Ladder,80376,SCHOOL BOARD WAREHOUSE,2/5/2014,$125.01 ,$2.88 ,0.23,$28.75 ,$28.75 ,Successful,2/5/2014,,SBS-6236,,,3605641073,"$3,000 ",$0.00 ,$96.26 ,Enterprise,0
Beverage-Air Milk Cooler,80377,SCHOOL BOARD WAREHOUSE,2/5/2014,$111.01 ,$2.55 ,0.23,$25.53 ,$25.53 ,Successful,2/5/2014,,SBS-6241,,,3605608099,"$3,000 ",$0.00 ,$85.48 ,Enterprise,0
Victory Refrigerator,80378,SCHOOL BOARD WAREHOUSE,2/5/2014,$209.00 ,$4.81 ,0.23,$48.07 ,$48.07 ,Successful,2/5/2014,,SBS-6244,,,3605608118,"$3,000 ",$0.00 ,$160.93 ,Enterprise,0
Freezer,80379,SCHOOL BOARD WAREHOUSE,2/5/2014,$100.00 ,$2.30 ,0.23,$23.00 ,$23.00 ,Successful,2/6/2014,,SBS-6243,,,3605697038,"$3,000 ",$0.00 ,$77.00 ,Enterprise,0
Victory Freezer,80380,SCHOOL BOARD WAREHOUSE,2/5/2014,$108.00 ,$2.48 ,0.23,$24.84 ,$24.84 ,Successful,2/6/2014,,SBS-6242,,,3605697048,"$3,000 ",$0.00 ,$83.16 ,Enterprise,0
Assorted Lock Sets,80381,SCHOOL BOARD WAREHOUSE,2/5/2014,$435.00 ,$10.00 ,0.23,$100.05 ,$100.05 ,Successful,2/5/2014,,SBS-6239,,,3605596174,"$3,000 ",$0.00 ,$334.95 ,Enterprise,0
3 Pallets of Paint,80382,SCHOOL BOARD WAREHOUSE,2/5/2014,$258.00 ,$0.00 ,0.23,$59.34 ,$59.34 ,Successful,2/13/2014,,SBS-6237,,,Money Order,"$3,000 ",$0.00 ,$198.66 ,Enterprise,0
"Makita 4-1/2"" Grinder",80383,SCHOOL BOARD WAREHOUSE,2/5/2014,$18.00 ,$0.41 ,0.23,$4.14 ,$4.14 ,Successful,2/19/2014,,SBS-6235,,,3606594246,"$3,000 ",$0.00 ,$13.86 ,Enterprise,0
"Black & Decker 10"" Miter Saw",80384,SCHOOL BOARD WAREHOUSE,2/5/2014,$91.88 ,$2.11 ,0.23,$21.13 ,$21.13 ,Successful,2/5/2014,,SBS-6234,,,3605618831,"$3,000 ",$0.00 ,$70.75 ,Enterprise,0
Newton Universal Sander,80385,SCHOOL BOARD WAREHOUSE,2/5/2014,$202.00 ,$4.65 ,0.23,$46.46 ,$46.46 ,Successful,2/6/2014,,SBS-6238,,,3605686814,"$3,000 ",$0.00 ,$155.54 ,Enterprise,0
Apollo Projector Screen,80386,SCHOOL BOARD WAREHOUSE,2/5/2014,$23.00 ,$0.53 ,0.23,$5.29 ,$5.29 ,Successful,2/5/2014,,SBS-6148C,,,3605616574,"$3,000 ",$0.00 ,$17.71 ,Enterprise,0
Apollo Projector Screen,80387,SCHOOL BOARD WAREHOUSE,2/5/2014,$27.00 ,$0.62 ,0.23,$6.21 ,$6.21 ,Successful,2/12/2014,,SBS-6148D,,,3606115239,"$3,000 ",$0.00 ,$20.79 ,Enterprise,0
Apollo Projector Screen,80388,SCHOOL BOARD WAREHOUSE,2/5/2014,$16.00 ,$0.37 ,0.23,$3.68 ,$3.68 ,Successful,2/6/2014,,SBS-6148E,,,3605657985,"$3,000 ",$0.00 ,$12.32 ,Enterprise,0
6 Projector Screens,80389,SCHOOL BOARD WAREHOUSE,2/5/2014,$18.00 ,$0.41 ,0.23,$4.14 ,$4.14 ,Successful,2/6/2014,,SBS-6148F,,,3605681075,"$3,000 ",$0.00 ,$13.86 ,Enterprise,0
Duo-Fast Finish Nailer,80390,SCHOOL BOARD WAREHOUSE,2/5/2014,$34.01 ,$0.78 ,0.23,$7.82 ,$7.82 ,Successful,2/6/2014,,SBS-6231A,,,3605714332,"$3,000 ",$0.00 ,$26.19 ,Enterprise,0
Macro Pick-a-Pak,80400,SCHOOL BOARD WAREHOUSE,2/5/2014,$26.01 ,$0.60 ,0.23,$5.98 ,$5.98 ,Successful,2/5/2014,,SBS-6231B,,,3605618842,"$3,000 ",$0.00 ,$20.03 ,Enterprise,0
Milwaukee 12v Reciprocating Saw,80402,SCHOOL BOARD WAREHOUSE,2/5/2014,$16.52 ,$0.38 ,0.23,$3.80 ,$3.80 ,Successful,2/5/2014,,SBS-6231D,,,3605598141,"$3,000 ",$0.00 ,$12.72 ,Enterprise,0
Milwaukee 18v Sawzall,80404,SCHOOL BOARD WAREHOUSE,2/5/2014,$11.01 ,$0.25 ,0.23,$2.53 ,$2.53 ,Successful,2/12/2014,,SBS-6231F,,,3606110337,"$3,000 ",$0.00 ,$8.48 ,Enterprise,0
Bosch Roto Hammer,80405,SCHOOL BOARD WAREHOUSE,2/5/2014,$24.00 ,$0.55 ,0.23,$5.52 ,$5.52 ,Successful,2/10/2014,,SBS-6231G,,,3605918797,"$3,000 ",$0.00 ,$18.48 ,Enterprise,0
2 DeWalt 18v Batteries w/Charger,80406,SCHOOL BOARD WAREHOUSE,2/5/2014,$54.01 ,$1.24 ,0.23,$12.42 ,$12.42 ,Successful,2/18/2014,,SBS-6231H,,,3606503563,"$3,000 ",$0.00 ,$41.59 ,Enterprise,0
Datamation Systems Laptop Cart,80407,SCHOOL BOARD WAREHOUSE,2/5/2014,$58.00 ,$1.33 ,0.23,$13.34 ,$13.34 ,Successful,2/5/2014,,SBS-6246,,,3605600495,"$3,000 ",$0.00 ,$44.66 ,Enterprise,0
25 Texas Instruments Calculators,80408,SCHOOL BOARD WAREHOUSE,2/5/2014,$236.99 ,$5.45 ,0.23,$54.51 ,$54.51 ,Successful,2/11/2014,,SBS-6157,,,3606071367,"$3,000 ",$0.00 ,$182.48 ,Enterprise,0
Haier Compact Refrigerator,80409,SCHOOL BOARD WAREHOUSE,2/5/2014,$33.00 ,$0.76 ,0.23,$7.59 ,$7.59 ,Successful,2/6/2014,,SBS-6233,,,3605663237,"$3,000 ",$0.00 ,$25.41 ,Enterprise,0
1 Pallet of Poster Board,80410,SCHOOL BOARD WAREHOUSE,2/5/2014,$160.00 ,$3.68 ,0.23,$36.80 ,$36.80 ,Successful,2/5/2014,,SBS-5643L,,,3605621888,"$3,000 ",$0.00 ,$123.20 ,Enterprise,0
1 Pallet of Poster Board,80411,SCHOOL BOARD WAREHOUSE,2/5/2014,$56.50 ,$1.30 ,0.23,$13.00 ,$13.00 ,Successful,2/5/2014,,SBS-5643M,,,3605632706,"$3,000 ",$0.00 ,$43.51 ,Enterprise,0
2005 John Deere Zero Turn Mower,80417,OFM-PARKS,2/6/2014,$725.01 ,$0.00 ,0.23,$166.75 ,$166.75 ,Successful,2/10/2014,80003407,,29 5289,,Cashiers Check,"$3,000 ",$0.00 ,$558.26 ,Enterprise,0
IT Rack,80423,HEALTH,2/6/2014,$11.50 ,$0.26 ,0.23,$2.65 ,$2.65 ,Successful,2/12/2014,,76603,,,3606115272,"$3,000 ",$0.00 ,$8.86 ,General Fund,0
8 Cell Phones,80424,ECD COMMUNICATIONS,2/6/2014,$79.35 ,$1.83 ,0.23,$18.25 ,$18.25 ,Successful,2/20/2014,,ECD-76152A,,,3606745770,"$3,000 ",$0.00 ,$61.10 ,Enterprise,0
13 Cell Phones,80425,ECD COMMUNICATIONS,2/6/2014,$83.05 ,$0.00 ,0.23,$19.10 ,$19.10 ,Successful,2/13/2014,,ECD-76152B,,,Cashiers Check,"$3,000 ",$0.00 ,$63.95 ,Enterprise,0
Dell Computer,80426,ECD COMMUNICATIONS,2/6/2014,$27.00 ,$0.00 ,0.23,$6.21 ,$6.21 ,Successful,2/12/2014,,ECD-76123,,,Money Order,"$3,000 ",$0.00 ,$20.79 ,Enterprise,0
Dell Computer,80427,ECD COMMUNICATIONS,2/6/2014,$34.03 ,$0.00 ,0.23,$7.83 ,$7.83 ,Successful,2/12/2014,,ECD-76130,,,Money Order,"$3,000 ",$0.00 ,$26.20 ,Enterprise,0
Dell Computer,80428,ECD COMMUNICATIONS,2/6/2014,$30.03 ,$0.69 ,0.23,$6.91 ,$6.91 ,Successful,2/6/2014,,ECD-76133,,,3605676060,"$3,000 ",$0.00 ,$23.12 ,Enterprise,0
Dell Computer,80429,ECD COMMUNICATIONS,2/6/2014,$25.51 ,$0.00 ,0.23,$5.87 ,$5.87 ,Successful,2/12/2014,,ECD-76124,,,Money Order,"$3,000 ",$0.00 ,$19.64 ,Enterprise,0
Dell Computer,80430,ECD COMMUNICATIONS,2/6/2014,$25.51 ,$0.00 ,0.23,$5.87 ,$5.87 ,Successful,2/12/2014,,ECD-76122,,,Money Order,"$3,000 ",$0.00 ,$19.64 ,Enterprise,0
Dell Computer,80431,ECD COMMUNICATIONS,2/6/2014,$41.00 ,$0.00 ,0.23,$9.43 ,$9.43 ,Successful,2/12/2014,,ECD-76125,,,Money Order,"$3,000 ",$0.00 ,$31.57 ,Enterprise,0
Dell Computer,80432,ECD COMMUNICATIONS,2/6/2014,$45.00 ,$1.04 ,0.23,$10.35 ,$10.35 ,Successful,2/13/2014,,ECD-76131,,,3606209191,"$3,000 ",$0.00 ,$34.65 ,Enterprise,0
Dell Computer,80433,ECD COMMUNICATIONS,2/6/2014,$27.51 ,$0.63 ,0.23,$6.33 ,$6.33 ,Successful,2/13/2014,,ECD-76136,,,3606209202,"$3,000 ",$0.00 ,$21.18 ,Enterprise,0
Dell Computer,80434,ECD COMMUNICATIONS,2/6/2014,$42.00 ,$0.00 ,0.23,$9.66 ,$9.66 ,Successful,2/12/2014,,ECD-76127,,,Money Order,"$3,000 ",$0.00 ,$32.34 ,Enterprise,0
Dell Computer,80435,ECD COMMUNICATIONS,2/6/2014,$43.51 ,$1.00 ,0.23,$10.01 ,$10.01 ,Successful,2/13/2014,,ECD-76134,,,3606209210,"$3,000 ",$0.00 ,$33.50 ,Enterprise,0
PC Accessories,80436,ECD COMMUNICATIONS,2/6/2014,$57.00 ,$0.00 ,0.23,$13.11 ,$13.11 ,Successful,2/10/2014,,"ECD-76151, ECD-76153",,,Money Order,"$3,000 ",$0.00 ,$43.89 ,Enterprise,0
Dell Laptop,80437,ITS,2/6/2014,$47.00 ,$1.08 ,0.23,$10.81 ,$10.81 ,Successful,2/6/2014,,75408,,,3605684321,"$3,000 ",$0.00 ,$36.19 ,General Fund,0
Dell Laptop,80438,ITS,2/6/2014,$68.00 ,$1.56 ,0.23,$15.64 ,$15.64 ,Successful,2/6/2014,,75416,,,3605681825,"$3,000 ",$0.00 ,$52.36 ,General Fund,0
Dell Laptop,80439,ITS,2/6/2014,$47.00 ,$1.08 ,0.23,$10.81 ,$10.81 ,Successful,2/6/2014,,75418,,,3605684332,"$3,000 ",$0.00 ,$36.19 ,General Fund,0
Dell Laptop,80440,ITS,2/6/2014,$155.00 ,$3.56 ,0.23,$35.65 ,$35.65 ,Successful,2/6/2014,,75186,,,3605681843,"$3,000 ",$0.00 ,$119.35 ,General Fund,0
Dell Laptop,80442,ITS,2/6/2014,$62.00 ,$1.43 ,0.23,$14.26 ,$14.26 ,Successful,2/18/2014,,75188,,,3606543907,"$3,000 ",$0.00 ,$47.74 ,General Fund,0
Dell Laptop,80443,ITS,2/6/2014,$62.00 ,$1.43 ,0.23,$14.26 ,$14.26 ,Successful,2/18/2014,,75434,,,3606543921,"$3,000 ",$0.00 ,$47.74 ,General Fund,0
Dell Laptop,80444,ITS,2/6/2014,$51.00 ,$1.17 ,0.23,$11.73 ,$11.73 ,Successful,2/6/2014,,75438,,,3605684353,"$3,000 ",$0.00 ,$39.27 ,General Fund,0
Dell Laptop,80445,ITS,2/6/2014,$145.00 ,$3.34 ,0.23,$33.35 ,$33.35 ,Successful,2/18/2014,,75279,,,3606544717,"$3,000 ",$0.00 ,$111.65 ,General Fund,0
Dell Laptop,80446,ITS,2/6/2014,$47.26 ,$1.09 ,0.23,$10.87 ,$10.87 ,Successful,2/18/2014,,74561,,,3606520071,"$3,000 ",$0.00 ,$36.39 ,General Fund,0
Dell Laptop,80448,ITS,2/10/2014,$27.00 ,$0.62 ,0.23,$6.21 ,$6.21 ,Successful,2/12/2014,,59577,,,3606167229,"$3,000 ",$0.00 ,$20.79 ,General Fund,0
Dell Laptop,80449,ITS,2/10/2014,$54.43 ,$1.25 ,0.23,$12.52 ,$12.52 ,Successful,2/12/2014,,59582,,,3606167235,"$3,000 ",$0.00 ,$41.91 ,General Fund,0
Fujitsu Life Book,80450,ITS,2/10/2014,$6.00 ,$0.14 ,0.23,$1.38 ,$1.38 ,Successful,2/13/2014,,74537,,,3606177941,"$3,000 ",$0.00 ,$4.62 ,General Fund,0
Frigidaire Washer/Dryer Combo,80455,METRO ACTION,2/10/2014,$12.00 ,$0.00 ,0.23,$2.76 ,$2.76 ,Successful,2/10/2014,,MAC-74084,,,Money Order,"$3,000 ",$0.00 ,$9.24 ,Enterprise,0
70 Kid Size Chairs,80456,METRO ACTION,2/10/2014,$291.00 ,$6.69 ,0.23,$66.93 ,$66.93 ,Successful,2/10/2014,,"MAC-74144, MAC-74145, MAC-74146, MAC-74148, MAC-74149, MAC-74150, MAC-74151",,,3605939687,"$3,000 ",$0.00 ,$224.07 ,Enterprise,0
"Dell 17"" Flat Screen Monitor",80457,HEALTH,2/10/2014,$13.00 ,$0.30 ,0.23,$2.99 ,$2.99 ,Successful,2/18/2014,,56741,,,3606544729,"$3,000 ",$0.00 ,$10.01 ,General Fund,0
"Snapper 21"" Self-Propelled Mower",80465,HEALTH,2/10/2014,$52.00 ,$1.20 ,0.23,$11.96 ,$11.96 ,Successful,2/20/2014,,76054,,,3606712438,"$3,000 ",$0.00 ,$40.04 ,General Fund,0
"Snapper 21"" Self-Propelled Mower",80466,HEALTH,2/10/2014,$48.01 ,$1.10 ,0.23,$11.04 ,$11.04 ,Successful,2/20/2014,,76055,,,3606712455,"$3,000 ",$0.00 ,$36.97 ,General Fund,0
Poulan Chainsaw,80467,HEALTH,2/10/2014,$81.02 ,$1.86 ,0.23,$18.63 ,$18.63 ,Successful,2/10/2014,,76605,,,3605939824,"$3,000 ",$0.00 ,$62.39 ,General Fund,0
HP Laser Jet 4100n,80468,PUBLIC WORKS,2/10/2014,$30.00 ,$0.69 ,0.23,$6.90 ,$6.90 ,Successful,2/17/2014,,75060,,,3606480363,"$3,000 ",$0.00 ,$23.10 ,General Fund,0
Sony Cybershot Digital Camera,80469,PUBLIC WORKS,2/10/2014,$47.00 ,$1.08 ,0.23,$10.81 ,$10.81 ,Successful,2/10/2014,,75051,,,3605952019,"$3,000 ",$0.00 ,$36.19 ,General Fund,0
Sony Digital Camera,80470,PUBLIC WORKS,2/10/2014,$40.00 ,$0.92 ,0.23,$9.20 ,$9.20 ,Successful,2/10/2014,,75050,,,3605952034,"$3,000 ",$0.00 ,$30.80 ,General Fund,0
3 Dell Docking Stations,80472,PUBLIC WORKS,2/10/2014,$16.00 ,$0.00 ,0.23,$3.68 ,$3.68 ,Successful,2/10/2014,,"75052, 75053, 75054",,,Money Order,"$3,000 ",$0.00 ,$12.32 ,General Fund,0
Small CPU Desk,80473,GENERAL SERVICES,2/10/2014,$1.00 ,$0.02 ,0.23,$0.23 ,$0.23 ,Successful,2/13/2014,,74501,,,3606233049,"$3,000 ",$0.00 ,$0.77 ,General Fund,0
Metal Folding Chair,80474,GENERAL SERVICES,2/10/2014,$2.00 ,$0.05 ,0.23,$0.46 ,$0.46 ,Successful,2/21/2014,,74739,,,3606780674,"$3,000 ",$0.00 ,$1.54 ,General Fund,0
Micro Centre CPU Desk,80475,GENERAL SERVICES,2/10/2014,$1.00 ,$0.02 ,0.23,$0.23 ,$0.23 ,Successful,2/13/2014,,74498,,,3606233055,"$3,000 ",$0.00 ,$0.77 ,General Fund,0
Assorted Belts,80476,GENERAL SERVICES,2/10/2014,$18.00 ,$0.41 ,0.23,$4.14 ,$4.14 ,Successful,2/20/2014,,74776,,,3606715960,"$3,000 ",$0.00 ,$13.86 ,General Fund,0
HP Color Laser Jet 3500,80477,GENERAL SERVICES,2/10/2014,$115.01 ,$2.65 ,0.23,$26.45 ,$26.45 ,Successful,2/17/2014,,74782,,,3606480488,"$3,000 ",$0.00 ,$88.56 ,General Fund,0
3 Boxes of Door Hinges,80478,GENERAL SERVICES,2/10/2014,$47.76 ,$1.10 ,0.23,$10.98 ,$10.98 ,Successful,2/10/2014,,74781,,,3605946044,"$3,000 ",$0.00 ,$36.78 ,General Fund,0
2 Rugs,80479,GENERAL SERVICES,2/10/2014,$20.01 ,$0.46 ,0.23,$4.60 ,$4.60 ,Successful,2/10/2014,,"74768, 74770",,,3605952054,"$3,000 ",$0.00 ,$15.41 ,General Fund,0
Rug,80480,GENERAL SERVICES,2/10/2014,$17.01 ,$0.39 ,0.23,$3.91 ,$3.91 ,Successful,2/10/2014,,74769,,,3605952064,"$3,000 ",$0.00 ,$13.10 ,General Fund,0
Table,80481,GENERAL SERVICES,2/10/2014,$11.50 ,$0.26 ,0.23,$2.65 ,$2.65 ,Successful,2/27/2014,,74771,,,3607304667,"$3,000 ",$0.00 ,$8.86 ,General Fund,0
Table,80482,GENERAL SERVICES,2/10/2014,$9.50 ,$0.22 ,0.23,$2.19 ,$2.19 ,Successful,2/27/2014,,74772,,,3607304699,"$3,000 ",$0.00 ,$7.32 ,General Fund,0
"Panasonic 20"" Television",80483,GENERAL SERVICES,2/10/2014,$1.00 ,$0.02 ,0.23,$0.23 ,$0.23 ,Successful,2/11/2014,,74774,,,3606076242,"$3,000 ",$0.00 ,$0.77 ,General Fund,0
"Zenith 19"" Television",80484,GENERAL SERVICES,2/10/2014,$1.00 ,$0.02 ,0.23,$0.23 ,$0.23 ,Successful,2/12/2014,,74775,,,3606122861,"$3,000 ",$0.00 ,$0.77 ,General Fund,0
Dell Server,80486,ITS,2/11/2014,$52.00 ,$1.20 ,0.23,$11.96 ,$11.96 ,Successful,2/18/2014,,75017,,,3606505572,"$3,000 ",$0.00 ,$40.04 ,General Fund,0
Dell Server,80487,ITS,2/11/2014,$1.00 ,$0.02 ,0.23,$0.23 ,$0.23 ,Successful,2/13/2014,231135,74893,,,3606198280,"$3,000 ",$0.00 ,$0.77 ,General Fund,0
Dell Server,80488,ITS,2/11/2014,$1.00 ,$0.02 ,0.23,$0.23 ,$0.23 ,Successful,2/13/2014,230652,74891,,,3606198291,"$3,000 ",$0.00 ,$0.77 ,General Fund,0
Dell Server,80489,ITS,2/11/2014,$1.00 ,$0.02 ,0.23,$0.23 ,$0.23 ,Successful,2/13/2014,226820,74892,,,3606198300,"$3,000 ",$0.00 ,$0.77 ,General Fund,0
2 Pair of Rubber Boots,80490,WATER SERVICES,2/11/2014,$17.00 ,$0.39 ,0.23,$3.91 ,$3.91 ,Successful,2/12/2014,,WS-74887B,,,3606110355,"$3,000 ",$0.00 ,$13.09 ,Enterprise,0
3 Racks,80491,NASHVILLE CONVENTION CTR,2/11/2014,$22.01 ,$0.51 ,0.23,$5.06 ,$5.06 ,Successful,2/11/2014,,"NCC-76453, NCC-76452",,,3606073460,"$3,000 ",$0.00 ,$16.95 ,Enterprise,0
Floor Cleaner,80492,NASHVILLE CONVENTION CTR,2/11/2014,$274.99 ,$6.32 ,0.23,$63.25 ,$63.25 ,Successful,2/11/2014,,NCC-76414,,,3606030543,"$3,000 ",$0.00 ,$211.74 ,Enterprise,0
Vacuum,80493,NASHVILLE CONVENTION CTR,2/11/2014,$4.00 ,$0.09 ,0.23,$0.92 ,$0.92 ,Successful,2/13/2014,,NCC-76405,,,3606239132,"$3,000 ",$0.00 ,$3.08 ,Enterprise,0
Vacuum,80494,NASHVILLE CONVENTION CTR,2/11/2014,$42.02 ,$0.97 ,0.23,$9.66 ,$9.66 ,Successful,2/20/2014,,NCC-76409,,,3606712466,"$3,000 ",$0.00 ,$32.36 ,Enterprise,0
Vacuum,80495,NASHVILLE CONVENTION CTR,2/11/2014,$41.05 ,$0.94 ,0.23,$9.44 ,$9.44 ,Successful,2/20/2014,,NCC-76410,,,3606712484,"$3,000 ",$0.00 ,$31.61 ,Enterprise,0
Cart,80496,NASHVILLE CONVENTION CTR,2/11/2014,$12.00 ,$0.28 ,0.23,$2.76 ,$2.76 ,Successful,2/13/2014,,NCC-76380,,,3606196335,"$3,000 ",$0.00 ,$9.24 ,Enterprise,0
Cart,80497,NASHVILLE CONVENTION CTR,2/11/2014,$15.51 ,$0.36 ,0.23,$3.57 ,$3.57 ,Successful,2/13/2014,,NCC-76381,,,3606196381,"$3,000 ",$0.00 ,$11.94 ,Enterprise,0
Cart,80498,NASHVILLE CONVENTION CTR,2/11/2014,$15.00 ,$0.34 ,0.23,$3.45 ,$3.45 ,Successful,2/13/2014,,NCC-76382,,,3606180159,"$3,000 ",$0.00 ,$11.55 ,Enterprise,0
Cart,80499,NASHVILLE CONVENTION CTR,2/11/2014,$130.00 ,$2.99 ,0.23,$29.90 ,$29.90 ,Successful,2/20/2014,,NCC-76718,,,3606712501,"$3,000 ",$0.00 ,$100.10 ,Enterprise,0
Cart,80500,NASHVILLE CONVENTION CTR,2/11/2014,$103.00 ,$2.37 ,0.23,$23.69 ,$23.69 ,Successful,2/20/2014,,NCC-76717,,,3606712534,"$3,000 ",$0.00 ,$79.31 ,Enterprise,0
2 Carts w/Trash Cans,80501,NASHVILLE CONVENTION CTR,2/11/2014,$136.59 ,$3.14 ,0.23,$31.42 ,$31.42 ,Successful,2/11/2014,,"NCC-76464, NCC-76719, NCC-76720",,,3606036672,"$3,000 ",$0.00 ,$105.17 ,Enterprise,0
Desk & Chair,80502,NASHVILLE CONVENTION CTR,2/11/2014,$43.00 ,$0.99 ,0.23,$9.89 ,$9.89 ,Successful,2/11/2014,,"NCC-76467, NCC-76468",,,3606079987,"$3,000 ",$0.00 ,$33.11 ,Enterprise,0
Desk & Chair,80503,NASHVILLE CONVENTION CTR,2/11/2014,$3.36 ,$0.08 ,0.23,$0.77 ,$0.77 ,Successful,2/12/2014,,"NCC-76460, NCC-76469",,,3606095126,"$3,000 ",$0.00 ,$2.59 ,Enterprise,0
40 Chairs,80504,NASHVILLE CONVENTION CTR,2/11/2014,$775.00 ,$0.00 ,0.23,$178.25 ,$178.25 ,Successful,2/13/2014,,"NCC-76252, NCC-76251, NCC-76253, NCC-76254, NCC-76255, NCC-76256, NCC-76420, NCC-76421, NCC-76422, NCC-76423, NCC-76424, NCC-76425, NCC-76426, NCC-76427, NCC-76428, NCC-76429",,,Cashiers Check,"$3,000 ",$0.00 ,$596.75 ,Enterprise,0
Paint,80505,NASHVILLE CONVENTION CTR,2/11/2014,$16.00 ,$0.37 ,0.23,$3.68 ,$3.68 ,Successful,2/19/2014,,NCC-76463,,,3606594257,"$3,000 ",$0.00 ,$12.32 ,Enterprise,0
23 Tables,80506,NASHVILLE CONVENTION CTR,2/11/2014,$259.00 ,$5.96 ,0.23,$59.57 ,$59.57 ,Successful,2/19/2014,,"NCC-76230, NCC-76231, NCC-76242, NCC-76243, NCC-76244",,,3606594271,"$3,000 ",$0.00 ,$199.43 ,Enterprise,0
26 Tables,80507,NASHVILLE CONVENTION CTR,2/11/2014,$103.00 ,$0.00 ,0.23,$23.69 ,$23.69 ,Successful,2/13/2014,,"NCC-76232, NCC-76233, NCC-76245, NCC-76246, NCC-76247, NCC-76248, NCC-76249, NCC-76250",,,Money Order,"$3,000 ",$0.00 ,$79.31 ,Enterprise,0
1 Lot of Tables,80508,NASHVILLE CONVENTION CTR,2/11/2014,$395.00 ,$0.00 ,0.23,$90.85 ,$90.85 ,Successful,2/18/2014,,"NCC-76260, NCC-76261, NCC-76262, NCC-76263, NCC-76264, NCC-76265, NCC-76266, NCC-76267, NCC-76268, NCC-76269, NCC-76270, NCC-76271, NCC-76272, NCC-76273, NCC-76274, NCC-76275, NCC-76276, NCC-76277, NCC-76278, NCC-76416, NCC-76417, NCC-76418, NCC-76419, NC",,,Cashiers Check,"$3,000 ",$0.00 ,$304.15 ,Enterprise,0
Shelf,80509,NASHVILLE CONVENTION CTR,2/11/2014,$125.50 ,$2.89 ,0.23,$28.87 ,$28.87 ,Successful,2/11/2014,,NCC-76710,,,3606080127,"$3,000 ",$0.00 ,$96.64 ,Enterprise,0
Cabinet,80510,NASHVILLE CONVENTION CTR,2/11/2014,$15.52 ,$0.36 ,0.23,$3.57 ,$3.57 ,Successful,2/19/2014,,NCC-76713,,,3606616161,"$3,000 ",$0.00 ,$11.95 ,Enterprise,0
Cabinet,80511,NASHVILLE CONVENTION CTR,2/11/2014,$42.00 ,$0.97 ,0.23,$9.66 ,$9.66 ,Successful,2/13/2014,,NCC-76714,,,3606184893,"$3,000 ",$0.00 ,$32.34 ,Enterprise,0
Table Dolly,80512,NASHVILLE CONVENTION CTR,2/11/2014,$12.00 ,$0.28 ,0.23,$2.76 ,$2.76 ,Successful,2/20/2014,,NCC-76466,,,3606712550,"$3,000 ",$0.00 ,$9.24 ,Enterprise,0
Push Dolly,80513,NASHVILLE CONVENTION CTR,2/11/2014,$29.56 ,$0.68 ,0.23,$6.80 ,$6.80 ,Successful,2/11/2014,,NCC-76712A,,,3606051044,"$3,000 ",$0.00 ,$22.76 ,Enterprise,0
Push Dolly,80514,NASHVILLE CONVENTION CTR,2/11/2014,$11.62 ,$0.27 ,0.23,$2.67 ,$2.67 ,Successful,3/17/2014,,NCC-76712B,,,3608766289,"$3,000 ",$0.00 ,$8.94 ,Enterprise,0
Dolly,80515,NASHVILLE CONVENTION CTR,2/11/2014,$25.00 ,$0.58 ,0.23,$5.75 ,$5.75 ,Successful,2/13/2014,,NCC-76258,,,3606194486,"$3,000 ",$0.00 ,$19.25 ,Enterprise,0
Tables & Cart,80516,NASHVILLE CONVENTION CTR,2/11/2014,$209.50 ,$4.82 ,0.23,$48.19 ,$48.19 ,Successful,2/12/2014,,"NCC-76471, NCC-76472, NCC-76473, NCC-76383",,,3606140511,"$3,000 ",$0.00 ,$161.32 ,Enterprise,0
2 Maps,80517,DISTRICT ATTORNEY,2/11/2014,$83.00 ,$1.91 ,0.23,$19.09 ,$19.09 ,Successful,2/11/2014,,DA-73107,,,3606043085,"$3,000 ",$0.00 ,$63.91 ,Enterprise,0
"Dell 17"" Flat Screen Monitor",80518,WATER SERVICES,2/11/2014,$3.36 ,$0.08 ,0.23,$0.77 ,$0.77 ,Successful,2/18/2014,,WS-62263,,,3606544743,"$3,000 ",$0.00 ,$2.59 ,Enterprise,0
Dell Laptop,80519,ITS,2/11/2014,$116.00 ,$2.67 ,0.23,$26.68 ,$26.68 ,Successful,2/23/2014,,75423,,,3606922999,"$3,000 ",$0.00 ,$89.32 ,General Fund,0
2 Dell Docking Stands,80521,SURPLUS WAREHOUSE,2/12/2014,$8.77 ,$0.20 ,0.23,$2.02 ,$2.02 ,Successful,2/12/2014,,77162,,,3606110334,"$3,000 ",$0.00 ,$6.75 ,General Fund,0
Everett Upright Piano,80522,SURPLUS WAREHOUSE,2/12/2014,$95.00 ,$2.18 ,0.23,$21.85 ,$21.85 ,Successful,2/13/2014,,77163,,,3606181263,"$3,000 ",$0.00 ,$73.15 ,General Fund,0
Art Table,80523,SURPLUS WAREHOUSE,2/12/2014,$3.00 ,$0.07 ,0.23,$0.69 ,$0.69 ,Successful,2/12/2014,,77164,,,3606113207,"$3,000 ",$0.00 ,$2.31 ,General Fund,0
Art Table,80524,SURPLUS WAREHOUSE,2/12/2014,$6.00 ,$0.14 ,0.23,$1.38 ,$1.38 ,Successful,2/12/2014,,77167,,,3606113227,"$3,000 ",$0.00 ,$4.62 ,General Fund,0
Art Table,80525,SURPLUS WAREHOUSE,2/12/2014,$6.00 ,$0.14 ,0.23,$1.38 ,$1.38 ,Successful,2/12/2014,,77165,,,3606113246,"$3,000 ",$0.00 ,$4.62 ,General Fund,0
Art Table,80526,SURPLUS WAREHOUSE,2/12/2014,$6.00 ,$0.14 ,0.23,$1.38 ,$1.38 ,Successful,2/12/2014,,77166,,,3606113258,"$3,000 ",$0.00 ,$4.62 ,General Fund,0
Kid's Play Sink Counter,80527,SURPLUS WAREHOUSE,2/12/2014,$4.00 ,$0.09 ,0.23,$0.92 ,$0.92 ,Successful,2/12/2014,,77168,,,3606122878,"$3,000 ",$0.00 ,$3.08 ,General Fund,0
Desk,80528,SURPLUS WAREHOUSE,2/12/2014,$30.00 ,$0.69 ,0.23,$6.90 ,$6.90 ,Successful,2/12/2014,,77169,,,3606169033,"$3,000 ",$0.00 ,$23.10 ,General Fund,0
Office Supplies,80529,SURPLUS WAREHOUSE,2/12/2014,$16.00 ,$0.37 ,0.23,$3.68 ,$3.68 ,Successful,2/13/2014,,77170,,,3606233068,"$3,000 ",$0.00 ,$12.32 ,General Fund,0
"2 Panasonic 27"" TV/VCR Combos",80530,SURPLUS WAREHOUSE,2/12/2014,$7.50 ,$0.17 ,0.23,$1.73 ,$1.73 ,Successful,2/12/2014,,"77172, 77171",,,3606122891,"$3,000 ",$0.00 ,$5.78 ,General Fund,0
Book Case,80531,SURPLUS WAREHOUSE,2/12/2014,$11.51 ,$0.26 ,0.23,$2.65 ,$2.65 ,Successful,2/17/2014,,77173,,,3606436757,"$3,000 ",$0.00 ,$8.86 ,General Fund,0
File Cabinet,80532,HEALTH,2/12/2014,$23.00 ,$0.53 ,0.23,$5.29 ,$5.29 ,Successful,2/13/2014,,76061,,,3606177943,"$3,000 ",$0.00 ,$17.71 ,General Fund,0
"""All-Steel"" Storage Cabinet",80534,HEALTH,2/12/2014,$32.43 ,$0.75 ,0.23,$7.46 ,$7.46 ,Successful,2/12/2014,,76064,,,3606130444,"$3,000 ",$0.00 ,$24.97 ,General Fund,0
Assorted Radios,80536,RADIO COMMUNICATIONS,2/12/2014,$490.99 ,$11.29 ,0.23,$112.93 ,$112.93 ,Successful,2/12/2014,,RC-75607,,,3606127414,"$3,000 ",$0.00 ,$378.06 ,Enterprise,0
3-Ring Binders,80537,GENERAL SERVICES,2/12/2014,$16.00 ,$0.37 ,0.23,$3.68 ,$3.68 ,Successful,2/13/2014,,75622,,,3606249692,"$3,000 ",$0.00 ,$12.32 ,General Fund,0
7 Typewriter Ribbons,80538,JUVENILE COURT,2/12/2014,$1.00 ,$0.02 ,0.23,$0.23 ,$0.23 ,Successful,2/12/2014,,75604,,,3606127756,"$3,000 ",$0.00 ,$0.77 ,General Fund,0
3 Dell PC's,80539,JUVENILE COURT,2/12/2014,$27.00 ,$0.62 ,0.23,$6.21 ,$6.21 ,Successful,2/17/2014,,"75521, 75577, 75578",,,3606436786,"$3,000 ",$0.00 ,$20.79 ,General Fund,0
"4 Sanyo 14"" Video Monitors",80540,JUVENILE COURT,2/12/2014,$1.00 ,$0.02 ,0.23,$0.23 ,$0.23 ,Successful,2/26/2014,,"75524, 75525, 75526, 75527",,,3607156312,"$3,000 ",$0.00 ,$0.77 ,General Fund,0
Office Supplies,80541,WATER SERVICES,2/12/2014,$41.00 ,$0.94 ,0.23,$9.43 ,$9.43 ,Successful,2/12/2014,,WS-74889,,,3606155709,"$3,000 ",$0.00 ,$31.57 ,Enterprise,0
Ballot Box,80542,WATER SERVICES,2/12/2014,$13.69 ,$0.31 ,0.23,$3.15 ,$3.15 ,Successful,2/19/2014,,WS-74881,,,3606579186,"$3,000 ",$0.00 ,$10.54 ,Enterprise,0
HP Color Laser Jet 2600n,80543,WATER SERVICES,2/12/2014,$32.00 ,$0.74 ,0.23,$7.36 ,$7.36 ,Successful,2/18/2014,,WS-74874,,,3606515632,"$3,000 ",$0.00 ,$24.64 ,Enterprise,0
Ricoh Aticio 480w Printer,80544,WATER SERVICES,2/12/2014,$233.76 ,$5.38 ,0.23,$53.76 ,$53.76 ,Successful,2/18/2014,,WS-75611,,,3606505593,"$3,000 ",$0.00 ,$180.00 ,Enterprise,0
8 Dell Optiplex 780 PC's,80545,ITS,2/12/2014,$490.00 ,$11.27 ,0.23,$112.70 ,$112.70 ,Successful,2/17/2014,,"74634, 74635, 74654, 74656, 74657, 74663, 74664, 74667",,,3606447869,"$3,000 ",$0.00 ,$377.30 ,General Fund,0
2 Dell Laptops,80546,ITS,2/12/2014,$180.00 ,$4.14 ,0.23,$41.40 ,$41.40 ,Successful,2/23/2014,,"74583, 74585",,,3606923003,"$3,000 ",$0.00 ,$138.60 ,General Fund,0
"Dell 17"" Flat Screen Monitor",80547,ITS,2/12/2014,$14.00 ,$0.32 ,0.23,$3.22 ,$3.22 ,Successful,2/18/2014,,75573,,,3606544753,"$3,000 ",$0.00 ,$10.78 ,General Fund,0
Book Case,80548,GENERAL SERVICES,2/12/2014,$12.36 ,$0.28 ,0.23,$2.84 ,$2.84 ,Successful,2/13/2014,,74493,,,3606187476,"$3,000 ",$0.00 ,$9.52 ,General Fund,0
2 File Cabinets,80549,PUBLIC DEFENDER,2/12/2014,$44.00 ,$1.01 ,0.23,$10.12 ,$10.12 ,Successful,2/13/2014,,"76180, 76196",,,3606177945,"$3,000 ",$0.00 ,$33.88 ,General Fund,0
Shelf,80550,NASHVILLE CONVENTION CTR,2/12/2014,$30.36 ,$0.70 ,0.23,$6.98 ,$6.98 ,Successful,2/13/2014,,NCC-76708,,,3606194510,"$3,000 ",$0.00 ,$23.38 ,Enterprise,0
Shelf,80551,NASHVILLE CONVENTION CTR,2/12/2014,$10.01 ,$0.23 ,0.23,$2.30 ,$2.30 ,Successful,2/12/2014,,NCC-76709,,,3606133589,"$3,000 ",$0.00 ,$7.71 ,Enterprise,0
Southbend Steamer,80553,SCHOOL BOARD WAREHOUSE,2/13/2014,$37.00 ,$0.85 ,0.23,$8.51 ,$8.51 ,Successful,2/18/2014,,SBS-6250,,,3606505618,"$3,000 ",$0.00 ,$28.49 ,Enterprise,0
Southbend 2-Burner Gas Range,80554,SCHOOL BOARD WAREHOUSE,2/13/2014,$30.01 ,$0.69 ,0.23,$6.90 ,$6.90 ,Successful,2/19/2014,,SBS-6251,,,3606642813,"$3,000 ",$0.00 ,$23.11 ,Enterprise,0
Nelson Ice Cream Box,80555,SCHOOL BOARD WAREHOUSE,2/13/2014,$50.01 ,$1.15 ,0.23,$11.50 ,$11.50 ,Successful,2/19/2014,,SBS-6256,,,3606642831,"$3,000 ",$0.00 ,$38.51 ,Enterprise,0
Hobart 60 qt. Mixer,80556,SCHOOL BOARD WAREHOUSE,2/13/2014,"$1,547.00 ",$0.00 ,0.23,$355.81 ,$355.81 ,Successful,3/24/2014,,SBS-6252A,,,Money Order,"$3,000 ",$0.00 ,"$1,191.19 ",Enterprise,0
Cart,80557,SCHOOL BOARD WAREHOUSE,2/13/2014,$18.00 ,$0.41 ,0.23,$4.14 ,$4.14 ,Successful,2/14/2014,,SBS-6252B,,,3606271046,"$3,000 ",$0.00 ,$13.86 ,Enterprise,0
Cart,80558,SCHOOL BOARD WAREHOUSE,2/13/2014,$76.01 ,$1.75 ,0.23,$17.48 ,$17.48 ,Successful,2/18/2014,,SBS-6269,,,3606523316,"$3,000 ",$0.00 ,$58.53 ,Enterprise,0
Victory Refrigerator,80559,SCHOOL BOARD WAREHOUSE,2/13/2014,$93.00 ,$2.14 ,0.23,$21.39 ,$21.39 ,Successful,2/18/2014,,SBS-6253,,,3606504842,"$3,000 ",$0.00 ,$71.61 ,Enterprise,0
Oven,80560,SCHOOL BOARD WAREHOUSE,2/13/2014,$41.01 ,$0.94 ,0.23,$9.43 ,$9.43 ,Successful,3/11/2014,,SBS-6254,,,3608262551,"$3,000 ",$0.00 ,$31.57 ,Enterprise,0
Tray Rack,80561,SCHOOL BOARD WAREHOUSE,2/13/2014,$11.01 ,$0.25 ,0.23,$2.53 ,$2.53 ,Successful,2/18/2014,,SBS-6260,,,3606504651,"$3,000 ",$0.00 ,$8.48 ,Enterprise,0
Assorted Kitchen Items,80562,SCHOOL BOARD WAREHOUSE,2/13/2014,$221.99 ,$0.00 ,0.23,$51.05 ,$51.05 ,Successful,3/24/2014,,SBS-6268A,,,Money Order,"$3,000 ",$0.00 ,$170.93 ,Enterprise,0
Assorted Kitchen Items,80563,SCHOOL BOARD WAREHOUSE,2/13/2014,$98.00 ,$0.00 ,0.23,$22.54 ,$22.54 ,Successful,3/24/2014,,SBS-6268B,,,Money Order,"$3,000 ",$0.00 ,$75.46 ,Enterprise,0
2 Wear-Ever Bins,80564,SCHOOL BOARD WAREHOUSE,2/13/2014,$78.00 ,$1.79 ,0.23,$17.94 ,$17.94 ,Successful,2/28/2014,,SBS-6267,,,3607407464,"$3,000 ",$0.00 ,$60.06 ,Enterprise,0
Bakers Table,80565,SCHOOL BOARD WAREHOUSE,2/13/2014,$349.30 ,$0.00 ,0.23,$80.34 ,$80.34 ,Successful,2/18/2014,,SBS-6266,,,Cashiers Check,"$3,000 ",$0.00 ,$268.96 ,Enterprise,0
"""Edward Don"" Table",80566,SCHOOL BOARD WAREHOUSE,2/13/2014,$51.00 ,$1.17 ,0.23,$11.73 ,$11.73 ,Successful,3/16/2014,,SBS-6265,,,3608678279,"$3,000 ",$0.00 ,$39.27 ,Enterprise,0
Table,80567,SCHOOL BOARD WAREHOUSE,2/13/2014,$85.00 ,$1.96 ,0.23,$19.55 ,$19.55 ,Successful,2/14/2014,,SBS-6262,,,3606271070,"$3,000 ",$0.00 ,$65.45 ,Enterprise,0
Table,80568,SCHOOL BOARD WAREHOUSE,2/13/2014,$89.00 ,$2.05 ,0.23,$20.47 ,$20.47 ,Successful,2/13/2014,,SBS-6261,,,3606201833,"$3,000 ",$0.00 ,$68.53 ,Enterprise,0
Table,80569,SCHOOL BOARD WAREHOUSE,2/13/2014,$106.99 ,$2.46 ,0.23,$24.61 ,$24.61 ,Successful,2/14/2014,,SBS-6264,,,3606326104,"$3,000 ",$0.00 ,$82.38 ,Enterprise,0
Table,80570,SCHOOL BOARD WAREHOUSE,2/13/2014,$122.01 ,$2.81 ,0.23,$28.06 ,$28.06 ,Successful,2/21/2014,,SBS-6263,,,3606804513,"$3,000 ",$0.00 ,$93.95 ,Enterprise,0
Small Table,80571,SCHOOL BOARD WAREHOUSE,2/13/2014,$64.00 ,$1.47 ,0.23,$14.72 ,$14.72 ,Successful,2/20/2014,,SBS-6270,,,3606709804,"$3,000 ",$0.00 ,$49.28 ,Enterprise,0
Alpha Smart Keyboard Cart,80572,SCHOOL BOARD WAREHOUSE,2/13/2014,$11.01 ,$0.25 ,0.23,$2.53 ,$2.53 ,Successful,2/16/2014,,SBS-6249A,,,3606412155,"$3,000 ",$0.00 ,$8.48 ,Enterprise,0
Alpha Smart Keyboard Cart,80573,SCHOOL BOARD WAREHOUSE,2/13/2014,$9.01 ,$0.21 ,0.23,$2.07 ,$2.07 ,Successful,2/16/2014,,SBS-6249B,,,3606412161,"$3,000 ",$0.00 ,$6.94 ,Enterprise,0
Alpha Smart Keyboard Cart,80574,SCHOOL BOARD WAREHOUSE,2/13/2014,$8.01 ,$0.18 ,0.23,$1.84 ,$1.84 ,Successful,2/16/2014,,SBS-6249C,,,3606412166,"$3,000 ",$0.00 ,$6.17 ,Enterprise,0
AV Cart,80575,SCHOOL BOARD WAREHOUSE,2/13/2014,$17.66 ,$0.41 ,0.23,$4.06 ,$4.06 ,Successful,2/13/2014,,SBS-6248A,,,3606203563,"$3,000 ",$0.00 ,$13.60 ,Enterprise,0
"RCA 27"" Television",80576,SCHOOL BOARD WAREHOUSE,2/13/2014,$4.50 ,$0.10 ,0.23,$1.04 ,$1.04 ,Successful,2/16/2014,,SBS-6248B,,,3606412175,"$3,000 ",$0.00 ,$3.47 ,Enterprise,0
"Toshiba 27"" Television",80577,SCHOOL BOARD WAREHOUSE,2/13/2014,$14.00 ,$0.32 ,0.23,$3.22 ,$3.22 ,Successful,2/17/2014,,SBS-6248C,,,3606453729,"$3,000 ",$0.00 ,$10.78 ,Enterprise,0
Southbend 2-Burner Gas Range,80578,SCHOOL BOARD WAREHOUSE,2/13/2014,$10.62 ,$0.24 ,0.23,$2.44 ,$2.44 ,Successful,2/13/2014,,SBS-6273,,,3606239138,"$3,000 ",$0.00 ,$8.18 ,Enterprise,0
1 Lot of Stage Decking,80579,GENERAL SERVICES,2/12/2014,"$5,169.69 ",$0.00 ,0.23,"$1,189.03 ","$1,189.03 ",Successful,2/20/2014,,"77706, 77707",,,Cashiers Check,"$3,000 ",$0.00 ,"$3,980.66 ",General Fund,0
Dell Laptop,80580,ITS,2/18/2014,$68.00 ,$1.56 ,0.23,$15.64 ,$15.64 ,Successful,2/18/2014,,75983,,,3606532336,"$3,000 ",$0.00 ,$52.36 ,General Fund,0
Dell Laptop,80581,ITS,2/18/2014,$80.01 ,$1.84 ,0.23,$18.40 ,$18.40 ,Successful,2/18/2014,,75980,,,3606532368,"$3,000 ",$0.00 ,$61.61 ,General Fund,0
Dell Laptop,80582,ITS,2/18/2014,$81.00 ,$1.86 ,0.23,$18.63 ,$18.63 ,Successful,2/18/2014,,75978,,,3606532383,"$3,000 ",$0.00 ,$62.37 ,General Fund,0
Dell Laptop,80583,ITS,2/18/2014,$90.00 ,$2.07 ,0.23,$20.70 ,$20.70 ,Successful,2/18/2014,,75985,,,3606520092,"$3,000 ",$0.00 ,$69.30 ,General Fund,0
Dell Server,80584,ITS,2/18/2014,$42.00 ,$0.97 ,0.23,$9.66 ,$9.66 ,Successful,2/19/2014,,76318,,,3606587270,"$3,000 ",$0.00 ,$32.34 ,General Fund,0
Dell Server,80585,ITS,2/18/2014,$20.00 ,$0.46 ,0.23,$4.60 ,$4.60 ,Successful,2/27/2014,,76316,,,3607344344,"$3,000 ",$0.00 ,$15.40 ,General Fund,0
31 Dell Computers,80586,ITS,2/18/2014,$845.18 ,$0.00 ,0.23,$194.39 ,$194.39 ,Successful,2/19/2014,,"76051, 76005, 76043, 76053, 76031, 76014, 76046, 76007, 76038, 76011, 76040, 75995, 76030, 75997, 76000, 76008, 76049, 76009, 75994, 75999, 76045, 76025, 76002, 75998, 76050, 76023, 76028, 76035, 75991, 76039, 75993",,,Money Order,"$3,000 ",$0.00 ,$650.79 ,General Fund,0
30 Dell Computers,80587,ITS,2/18/2014,$715.00 ,$0.00 ,0.23,$164.45 ,$164.45 ,Successful,2/27/2014,,"76018, 76026, 75996, 76037, 76047, 76016, 76024, 76015, 76032, 76020, 76036, 76034, 76021, 76041, 76048, 76003, 76044, 75992, 76017, 76012, 76033, 76042, 76029, 76052, 76004, 76022, 76010, 76013, 76001, 76027",,,Money Order,"$3,000 ",$0.00 ,$550.55 ,General Fund,0
15 Dell Computers,80588,ITS,2/18/2014,$620.51 ,$14.27 ,0.23,$142.72 ,$142.72 ,Successful,2/20/2014,,"76977, 76920, 76933, 76923, 76918, 76981, 76929, 76973, 76982, 76909, 76978, 76922, 76967, 76980, 76931",,,3606717243,"$3,000 ",$0.00 ,$477.79 ,General Fund,0
15 Dell Computers,80589,ITS,2/18/2014,$460.00 ,$10.58 ,0.23,$105.80 ,$105.80 ,Successful,2/24/2014,,"76986, 76958, 76913, 76987, 76934, 76989, 76960, 76953, 76947, 76984, 76972, 76914, 76944, 76950, 76928",,,3606960669,"$3,000 ",$0.00 ,$354.20 ,General Fund,0
15 Dell Computers,80590,ITS,2/18/2014,$498.51 ,$11.47 ,0.23,$114.66 ,$114.66 ,Successful,2/18/2014,,"76925, 76917, 76926, 76916, 76927, 76966, 76921, 76979, 76935, 76968, 76908, 76983, 76969, 76971, 76974",,,3606520735,"$3,000 ",$0.00 ,$383.85 ,General Fund,0
15 Dell Computers,80591,ITS,2/18/2014,$550.02 ,$12.65 ,0.23,$126.50 ,$126.50 ,Successful,2/18/2014,,"76985, 76990, 76970, 76988, 76956, 76930, 76932, 76951, 76946, 76954, 76955, 76949, 76941, 76912, 76957",,,3606544767,"$3,000 ",$0.00 ,$423.52 ,General Fund,0
Dell Computer,80592,ITS,2/18/2014,$52.00 ,$1.20 ,0.23,$11.96 ,$11.96 ,Successful,3/5/2014,,76937,,,3607800610,"$3,000 ",$0.00 ,$40.04 ,General Fund,0
Dell Computer,80593,ITS,2/18/2014,$57.00 ,$1.31 ,0.23,$13.11 ,$13.11 ,Successful,2/19/2014,,76936,,,3606665151,"$3,000 ",$0.00 ,$43.89 ,General Fund,0
Dell Computer,80594,ITS,2/18/2014,$54.00 ,$1.24 ,0.23,$12.42 ,$12.42 ,Successful,2/18/2014,,76938,,,3606526961,"$3,000 ",$0.00 ,$41.58 ,General Fund,0
Dell Computer,80595,ITS,2/18/2014,$51.10 ,$1.18 ,0.23,$11.75 ,$11.75 ,Successful,3/5/2014,,76976,,,3607800921,"$3,000 ",$0.00 ,$39.34 ,General Fund,0
Dell Computer,80596,ITS,2/18/2014,$55.13 ,$1.27 ,0.23,$12.68 ,$12.68 ,Successful,2/18/2014,,76975,,,3606544780,"$3,000 ",$0.00 ,$42.45 ,General Fund,0
Dell Computer,80597,ITS,2/18/2014,$65.00 ,$1.50 ,0.23,$14.95 ,$14.95 ,Successful,2/18/2014,,76940,,,3606526803,"$3,000 ",$0.00 ,$50.05 ,General Fund,0
1 Box of Dell Server Rails & Power Cords,80598,ITS,2/18/2014,$1.00 ,$0.02 ,0.23,$0.23 ,$0.23 ,Successful,2/24/2014,,76317,,,3606934736,"$3,000 ",$0.00 ,$0.77 ,General Fund,0
Safe,80599,TENNESSEE STATE FAIR,2/18/2014,$8.00 ,$0.18 ,0.23,$1.84 ,$1.84 ,Successful,2/21/2014,,SF-76746,,,3606816638,"$3,000 ",$0.00 ,$6.16 ,Enterprise,0
2 Popcorn Warmers,80600,TENNESSEE STATE FAIR,2/18/2014,$101.70 ,$2.34 ,0.23,$23.39 ,$23.39 ,Successful,2/26/2014,,"SF-76725, SF-76726",,,3607156348,"$3,000 ",$0.00 ,$78.31 ,Enterprise,0
2 Popcorn Warmers,80601,TENNESSEE STATE FAIR,2/18/2014,$150.00 ,$3.45 ,0.23,$34.50 ,$34.50 ,Successful,2/18/2014,,"SF-76724, SF-76745",,,3606530056,"$3,000 ",$0.00 ,$115.50 ,Enterprise,0
2 Popcorn Warmers,80602,TENNESSEE STATE FAIR,2/18/2014,$99.27 ,$2.28 ,0.23,$22.83 ,$22.83 ,Successful,2/18/2014,,"SF-76723, SF-76727",,,3606530074,"$3,000 ",$0.00 ,$76.44 ,Enterprise,0
Wilbur Curtis Hot Chocolate Machine,80603,TENNESSEE STATE FAIR,2/18/2014,$10.01 ,$0.23 ,0.23,$2.30 ,$2.30 ,Successful,2/26/2014,,SF-76731,,,3607156378,"$3,000 ",$0.00 ,$7.71 ,Enterprise,0
Wilbur Curtis Hot Chocolate Machine,80604,TENNESSEE STATE FAIR,2/18/2014,$25.00 ,$0.58 ,0.23,$5.75 ,$5.75 ,Successful,2/28/2014,,SF-76730,,,3607407499,"$3,000 ",$0.00 ,$19.25 ,Enterprise,0
5 Cash Drawers,80605,TENNESSEE STATE FAIR,2/18/2014,$17.75 ,$0.41 ,0.23,$4.08 ,$4.08 ,Successful,2/26/2014,,SF-76736,,,3607156398,"$3,000 ",$0.00 ,$13.67 ,Enterprise,0
18 Carts w/Wooden Dance Floor Sections,80608,NASHVILLE CONVENTION CTR,2/18/2014,"$4,631.99 ",$0.00 ,0.23,"$1,065.36 ","$1,065.36 ",Successful,2/26/2014,,NCC-76385,,,Cashiers Check,"$3,000 ",$0.00 ,"$3,566.63 ",Enterprise,0
Bosch 18v Drill,80609,SCHOOL BOARD WAREHOUSE,2/13/2014,$6.00 ,$0.14 ,0.23,$1.38 ,$1.38 ,Successful,2/13/2014,,SBS-6231C,,,3606209362,"$3,000 ",$0.00 ,$4.62 ,Enterprise,0
2005 Chevrolet 1500,80610,OFM-PUBLIC WORKS,2/13/2014,"$3,681.00 ",$0.00 ,0.23,$846.63 ,$846.63 ,Successful,3/11/2014,80003586,,08L 5979,,Money Order,"$3,000 ",$0.00 ,"$2,834.37 ",Enterprise,0
2005 Dodge Stratus,80611,OFM-CODES,2/13/2014,"$1,225.00 ",$0.00 ,0.23,$281.75 ,$281.75 ,Successful,2/18/2014,80003632,,P 3043 AN,,Cashiers Check,"$3,000 ",$0.00 ,$943.25 ,Enterprise,0
2003 Bobcat Zero Turn Mower,80612,OFM-SHERIFF,2/13/2014,"$1,125.00 ",$25.88 ,0.23,$258.75 ,$258.75 ,Successful,2/17/2014,80000813,,34092,,3606453352,"$3,000 ",$0.00 ,$866.25 ,Enterprise,0
2004 Bobcat Zero Turn Mower,80613,OFM-SHERIFF,2/13/2014,"$1,340.00 ",$30.82 ,0.23,$308.20 ,$308.20 ,Successful,2/17/2014,80004158,,34106,,3606453561,"$3,000 ",$0.00 ,"$1,031.80 ",Enterprise,0
2003 Bobcat Zero Turn Mower,80614,OFM-SHERIFF,2/13/2014,$815.00 ,$18.74 ,0.23,$187.45 ,$187.45 ,Successful,2/17/2014,80000817,,34096,,3606453056,"$3,000 ",$0.00 ,$627.55 ,Enterprise,0
1988 Massey Ferguson Turf Tractor,80615,OFM-PARKS,2/13/2014,"$2,586.00 ",$59.48 ,0.23,$594.78 ,$594.78 ,Successful,2/19/2014,87389,,29 4761,,3606601644,"$3,000 ",$0.00 ,"$1,991.22 ",Enterprise,0
15 Dell Computers,80616,ITS,2/19/2014,$520.51 ,$11.97 ,0.23,$119.72 ,$119.72 ,Successful,2/20/2014,,"76963, 76919, 76907, 76952, 76943, 76905, 76939, 76915, 76942, 76945, 76924, 76948, 76906, 76910, 76911",,,3606717259,"$3,000 ",$0.00 ,$400.79 ,General Fund,0
13 Dell Computers,80617,ITS,2/19/2014,$566.51 ,$0.00 ,0.23,$130.29 ,$130.29 ,Successful,3/13/2014,,"75848, 75856, 75840, 75839, 75942, 75863, 75832, 75843, 75844, 75828, 75820, 75852, 75859",,,Cashiers Check,"$3,000 ",$0.00 ,$436.21 ,General Fund,0
30 Dell Computers,80618,ITS,2/19/2014,$885.00 ,$20.36 ,0.23,$203.55 ,$203.55 ,Successful,2/19/2014,,"75831, 75854, 75860, 75829, 75846, 75841, 75821, 75850, 75818, 75827, 75858, 75855, 75862, 75849, 75836, 75824, 75817, 75819, 75822, 75834, 75857, 75825, 75837, 75847, 75838, 75845, 75851, 75833, 75823, 75861",,,3606636686,"$3,000 ",$0.00 ,$681.45 ,General Fund,0
30 Dell Computers,80619,ITS,2/19/2014,$726.51 ,$16.71 ,0.23,$167.10 ,$167.10 ,Successful,2/20/2014,,"75804, 75802, 75793, 75830, 75810, 75813, 75812, 75806, 75798, 75794, 75792, 75816, 75805, 75809, 75801, 75791, 75799, 75815, 75814, 75800, 75796, 75797, 75811, 75853, 75808, 75803, 75795, 75807, 75835, 75826",,,3606684723,"$3,000 ",$0.00 ,$559.41 ,General Fund,0
Dell Laptop,80620,ITS,2/19/2014,$50.00 ,$1.15 ,0.23,$11.50 ,$11.50 ,Successful,2/19/2014,,75781,,,3606603545,"$3,000 ",$0.00 ,$38.50 ,General Fund,0
Dell Laptop w/Bag,80621,ITS,2/19/2014,$54.40 ,$1.25 ,0.23,$12.51 ,$12.51 ,Successful,2/25/2014,,75782,,,3607100022,"$3,000 ",$0.00 ,$41.89 ,General Fund,0
Dell Laptop w/Bag,80622,ITS,2/19/2014,$57.00 ,$1.31 ,0.23,$13.11 ,$13.11 ,Successful,2/19/2014,,75783,,,3606636707,"$3,000 ",$0.00 ,$43.89 ,General Fund,0
Dell Laptop,80623,ITS,2/19/2014,$64.00 ,$1.47 ,0.23,$14.72 ,$14.72 ,Successful,3/4/2014,,75787,,,3607695271,"$3,000 ",$0.00 ,$49.28 ,General Fund,0
Dell Laptop,80624,ITS,2/19/2014,$57.00 ,$1.31 ,0.23,$13.11 ,$13.11 ,Successful,3/4/2014,,75784,,,3607695291,"$3,000 ",$0.00 ,$43.89 ,General Fund,0
Dell Laptop w/Bag,80625,ITS,2/19/2014,$60.00 ,$1.38 ,0.23,$13.80 ,$13.80 ,Successful,2/24/2014,,75788,,,3606944134,"$3,000 ",$0.00 ,$46.20 ,General Fund,0
Dell Laptop w/Bag,80626,ITS,2/19/2014,$65.00 ,$1.50 ,0.23,$14.95 ,$14.95 ,Successful,3/4/2014,,75786,,,3607695302,"$3,000 ",$0.00 ,$50.05 ,General Fund,0
Dell Laptop w/Bag,80627,ITS,2/19/2014,$55.00 ,$0.00 ,0.23,$12.65 ,$12.65 ,Successful,3/13/2014,,75785,,,Cashiers Check,"$3,000 ",$0.00 ,$42.35 ,General Fund,0
Dell Laptop w/Bag,80628,ITS,2/19/2014,$155.00 ,$3.56 ,0.23,$35.65 ,$35.65 ,Successful,2/25/2014,,75790,,,3607100041,"$3,000 ",$0.00 ,$119.35 ,General Fund,0
Dell Laptop w/Bag,80629,ITS,2/19/2014,$130.12 ,$2.99 ,0.23,$29.93 ,$29.93 ,Successful,2/20/2014,,"74531, 75789",,,3606714305,"$3,000 ",$0.00 ,$100.19 ,General Fund,0
3 Communication Racks,80630,ITS,2/19/2014,$52.50 ,$1.21 ,0.23,$12.08 ,$12.08 ,Successful,2/19/2014,,"76214, 76215, 76216",,,3606618728,"$3,000 ",$0.00 ,$40.43 ,General Fund,0
HP Plotter,80631,WATER SERVICES,2/19/2014,$78.00 ,$0.00 ,0.23,$17.94 ,$17.94 ,Successful,2/27/2014,,WS-77316,,,Money Order,"$3,000 ",$0.00 ,$60.06 ,Enterprise,0
HP Plotter,80632,WATER SERVICES,2/19/2014,$100.00 ,$0.00 ,0.23,$23.00 ,$23.00 ,Successful,2/27/2014,,WS-77315,,,Money Order,"$3,000 ",$0.00 ,$77.00 ,Enterprise,0
Transmission Core,80633,OFM,2/19/2014,$205.00 ,$0.00 ,0.23,$47.15 ,$47.15 ,Successful,2/25/2014,,OFM-77412,,,Cashiers Check,"$3,000 ",$0.00 ,$157.85 ,Enterprise,0
3 File Cabinets,80635,COMMUNITY EDUCATION,2/19/2014,$70.00 ,$1.61 ,0.23,$16.10 ,$16.10 ,Successful,2/24/2014,,"76311, 76312, 76313",,,3606955320,"$3,000 ",$0.00 ,$53.90 ,General Fund,0
5 Chairs,80636,HEALTH,2/19/2014,$11.76 ,$0.27 ,0.23,$2.70 ,$2.70 ,Successful,3/10/2014,,"77128, 77129, 77130, 77131, 77132",,,3608223639,"$3,000 ",$0.00 ,$9.05 ,General Fund,0
Phone Equipment,80637,HEALTH,2/19/2014,$120.00 ,$2.76 ,0.23,$27.60 ,$27.60 ,Successful,2/19/2014,,77294,,,3606611996,"$3,000 ",$0.00 ,$92.40 ,General Fund,0
7 Catalytic Converter Cores,80644,OFM,2/19/2014,$263.01 ,$6.05 ,0.23,$60.49 ,$60.49 ,Successful,2/24/2014,,OFM-77296A,,,3606937591,"$3,000 ",$0.00 ,$202.52 ,Enterprise,0
7 Catalytic Converter Cores,80648,OFM,2/19/2014,$385.01 ,$8.86 ,0.23,$88.55 ,$88.55 ,Successful,2/24/2014,,OFM-77296B,,,3606937861,"$3,000 ",$0.00 ,$296.46 ,Enterprise,0
Assorted Cores,80650,OFM,2/19/2014,$31.51 ,$0.00 ,0.23,$7.24 ,$7.24 ,Successful,3/18/2014,,OFM-77297,,,Money Order,"$3,000 ",$0.00 ,$24.26 ,Enterprise,0
Radio Equipment,80652,OFM,2/19/2014,$155.00 ,$3.56 ,0.23,$35.65 ,$35.65 ,Successful,2/24/2014,,OFM-77298,,,3606936274,"$3,000 ",$0.00 ,$119.35 ,Enterprise,0
Paint Sprayer & Stand,80654,TENNESSEE STATE FAIR,2/19/2014,$83.81 ,$1.93 ,0.23,$19.28 ,$19.28 ,Successful,2/19/2014,,"SF-77356, SF-77357",,,3606664686,"$3,000 ",$0.00 ,$64.53 ,Enterprise,0
48 Dell PC's,80656,ITS,2/20/2014,$751.51 ,$0.00 ,0.23,$172.84 ,$172.84 ,Successful,3/19/2014,,"76789, 76836, 76859, 76872, 76762, 76876, 76889, 76814, 76887, 76868, 76875, 76790, 76891, 76896, 76765, 76847, 76806, 76893, 76892, 76881, 76838, 76855, 76835, 76813, 76832, 76808, 76886, 76899, 76895, 76898, 76869, 76804, 76840, 76801, 76846, 76831, 768",,,Money Order,"$3,000 ",$0.00 ,$578.66 ,General Fund,0
30 Dell PC's,80657,ITS,2/20/2014,$610.00 ,$14.03 ,0.23,$140.30 ,$140.30 ,Successful,2/20/2014,,"76867, 76763, 76783, 76781, 76834, 76777, 76833, 76768, 76870, 76827, 76900, 76760, 76810, 76766, 76779, 76809, 76844, 76776, 76821, 76785, 76845, 76903, 76851, 76860, 76775, 76864, 76788, 76818, 76792, 76767",,,3606717278,"$3,000 ",$0.00 ,$469.70 ,General Fund,0
30 Dell PC's,80658,ITS,2/20/2014,$715.52 ,$0.00 ,0.23,$164.56 ,$164.56 ,Successful,3/6/2014,,"76787, 76796, 76799, 76862, 76822, 76863, 76798, 76897, 76803, 76877, 76800, 76904, 76791, 76858, 76874, 76820, 76819, 76885, 76883, 76857, 76866, 76902, 76853, 76806, 76856, 76850, 76772, 76890, 76811, 76882",,,Money Order,"$3,000 ",$0.00 ,$550.95 ,General Fund,0
37 Dell PC's,80659,ITS,2/20/2014,$780.00 ,$0.00 ,0.23,$179.40 ,$179.40 ,Successful,3/13/2014,,"76769, 76817, 76849, 76884, 76842, 76829, 76771, 76852, 76825, 76830, 76770, 76837, 76764, 76812, 76780, 76794, 76826, 76816, 76761, 76802, 76841, 76778, 76865, 76828, 76854, 76782, 76888, 76773, 76797, 76843, 76815, 76878, 76880, 76879, 76786, 76901",,,Money Order,"$3,000 ",$0.00 ,$600.60 ,General Fund,0
Fahrenheat Heater,80660,WATER SERVICES,2/20/2014,$23.00 ,$0.53 ,0.23,$5.29 ,$5.29 ,Successful,2/20/2014,,WS-74882,,,3606713637,"$3,000 ",$0.00 ,$17.71 ,Enterprise,0
Tel-Kee Key Cabinet,80661,WATER SERVICES,2/20/2014,$16.50 ,$0.38 ,0.23,$3.80 ,$3.80 ,Successful,2/26/2014,,WS-73876,,,3607156423,"$3,000 ",$0.00 ,$12.71 ,Enterprise,0
7 Data Logging Modules,80662,WATER SERVICES,2/20/2014,$4.25 ,$0.10 ,0.23,$0.98 ,$0.98 ,Successful,2/20/2014,,WS-73878,,,3606713161,"$3,000 ",$0.00 ,$3.27 ,Enterprise,0
7 Dell Flat Screen Monitors,80666,PUBLIC WORKS,2/20/2014,$42.00 ,$0.97 ,0.23,$9.66 ,$9.66 ,Successful,2/25/2014,,"75068, 75070, 75071, 75072, 75074, 75078, 75080",,,3607063749,"$3,000 ",$0.00 ,$32.34 ,General Fund,0
Dell Laptop Bag,80667,PUBLIC WORKS,2/20/2014,$6.00 ,$0.14 ,0.23,$1.38 ,$1.38 ,Successful,2/25/2014,,75082,,,3607100057,"$3,000 ",$0.00 ,$4.62 ,General Fund,0
4 Fujitsu Life Book Laptops,80669,HEALTH,2/20/2014,$103.00 ,$2.37 ,0.23,$23.69 ,$23.69 ,Successful,3/10/2014,,"76222, 76223, 76224, 76225",,,3608159739,"$3,000 ",$0.00 ,$79.31 ,General Fund,0
Dell Laptop,80670,HEALTH,2/20/2014,$44.51 ,$1.02 ,0.23,$10.24 ,$10.24 ,Successful,2/20/2014,,76221,,,3606714638,"$3,000 ",$0.00 ,$34.27 ,General Fund,0
Dell Laptop,80671,HEALTH,2/20/2014,$44.51 ,$1.02 ,0.23,$10.24 ,$10.24 ,Successful,2/20/2014,,76220,,,3606714655,"$3,000 ",$0.00 ,$34.27 ,General Fund,0
Dell Laptop,80672,HEALTH,2/20/2014,$185.00 ,$4.26 ,0.23,$42.55 ,$42.55 ,Successful,3/10/2014,,76219,,,3608159768,"$3,000 ",$0.00 ,$142.45 ,General Fund,0
Dell Laptop,80673,HEALTH,2/20/2014,$52.51 ,$0.00 ,0.23,$12.07 ,$12.07 ,Successful,3/13/2014,,76281,,,Cashiers Check,"$3,000 ",$0.00 ,$40.43 ,General Fund,0
Dell Laptop,80674,HEALTH,2/20/2014,$52.51 ,$0.00 ,0.23,$12.07 ,$12.07 ,Successful,3/13/2014,,76226,,,Cashiers Check,"$3,000 ",$0.00 ,$40.43 ,General Fund,0
Dell Laptop,80675,HEALTH,2/20/2014,$52.51 ,$0.00 ,0.23,$12.07 ,$12.07 ,Successful,3/13/2014,,76227,,,Cashiers Check,"$3,000 ",$0.00 ,$40.43 ,General Fund,0
HP Laser Jet,80676,HEALTH,2/20/2014,$42.00 ,$0.00 ,0.23,$9.66 ,$9.66 ,Successful,3/13/2014,,76302,,,Cashiers Check,"$3,000 ",$0.00 ,$32.34 ,General Fund,0
6 Dell Flat Screen Monitors,80677,HEALTH,2/20/2014,$79.00 ,$1.82 ,0.23,$18.17 ,$18.17 ,Successful,3/10/2014,,"76289, 76290, 76291, 76292, 76293, 76297",,,3608159791,"$3,000 ",$0.00 ,$60.83 ,General Fund,0
6 Dell PC's,80678,HEALTH,2/20/2014,$213.51 ,$4.91 ,0.23,$49.11 ,$49.11 ,Successful,2/27/2014,,"76282, 76283, 76284, 76285, 76286, 76287",,,3607303581,"$3,000 ",$0.00 ,$164.40 ,General Fund,0
2 Dell Optiplex GX620 PC's,80679,HEALTH,2/20/2014,$42.00 ,$0.97 ,0.23,$9.66 ,$9.66 ,Successful,2/25/2014,,"76298, 76299",,,3607063782,"$3,000 ",$0.00 ,$32.34 ,General Fund,0
"Dell 17"" Flat Screen Monitor",80680,HEALTH,2/20/2014,$23.00 ,$0.53 ,0.23,$5.29 ,$5.29 ,Successful,2/20/2014,,76288,,,3606708235,"$3,000 ",$0.00 ,$17.71 ,General Fund,0
"Dell 17"" Flat Screen Monitor",80681,HEALTH,2/20/2014,$17.75 ,$0.00 ,0.23,$4.08 ,$4.08 ,Successful,3/13/2014,,76295,,,Cashiers Check,"$3,000 ",$0.00 ,$13.66 ,General Fund,0
23 Card File Bins,80682,PUBLIC DEFENDER,2/20/2014,$62.00 ,$1.43 ,0.23,$14.26 ,$14.26 ,Successful,2/20/2014,,76170,,,3606714983,"$3,000 ",$0.00 ,$47.74 ,General Fund,0
"Philips 25"" Television",80683,PUBLIC DEFENDER,2/20/2014,$1.00 ,$0.02 ,0.23,$0.23 ,$0.23 ,Successful,2/24/2014,,76183,,,3606934745,"$3,000 ",$0.00 ,$0.77 ,General Fund,0
Assorted Books,80684,JIS,2/20/2014,$2.00 ,$0.05 ,0.23,$0.46 ,$0.46 ,Successful,2/24/2014,,76102A,,,3606953579,"$3,000 ",$0.00 ,$1.54 ,General Fund,0
Assorted Books,80685,JIS,2/20/2014,$48.17 ,$1.11 ,0.23,$11.08 ,$11.08 ,Successful,2/24/2014,,76102B,,,3606953613,"$3,000 ",$0.00 ,$37.09 ,General Fund,0
Assorted Books,80686,JIS,2/20/2014,$50.17 ,$1.15 ,0.23,$11.54 ,$11.54 ,Successful,2/24/2014,,76102C,,,3606953638,"$3,000 ",$0.00 ,$38.63 ,General Fund,0
2 Boxes of Assorted Toner,80687,JIS,2/20/2014,$1.00 ,$0.02 ,0.23,$0.23 ,$0.23 ,Successful,2/20/2014,,76156,,,3606708759,"$3,000 ",$0.00 ,$0.77 ,General Fund,0
Challenge 420 Paper Cutter,80718,SCHOOL BOARD WAREHOUSE,2/24/2014,"$1,026.01 ",$23.60 ,0.23,$235.98 ,$235.98 ,Successful,2/25/2014,,SBS-6257,,,3607079506,"$3,000 ",$0.00 ,$790.03 ,Enterprise,0
Hamada Printing Press,80719,SCHOOL BOARD WAREHOUSE,2/24/2014,$725.00 ,$0.00 ,0.23,$166.75 ,$166.75 ,Successful,2/27/2014,,SBS-6258,,,Cashiers Check,"$3,000 ",$0.00 ,$558.25 ,Enterprise,0
Bourg Collator,80720,SCHOOL BOARD WAREHOUSE,2/24/2014,$815.00 ,$0.00 ,0.23,$187.45 ,$187.45 ,Successful,2/27/2014,,SBS-6259,,,Cashiers Check,"$3,000 ",$0.00 ,$627.55 ,Enterprise,0
Magnum Platemaker 283,80721,SCHOOL BOARD WAREHOUSE,2/24/2014,$103.00 ,$2.37 ,0.23,$23.69 ,$23.69 ,Successful,3/24/2014,,SBS-6277,,,3609368281,"$3,000 ",$0.00 ,$79.31 ,Enterprise,0
Awning,80722,SCHOOL BOARD WAREHOUSE,2/24/2014,$225.00 ,$0.00 ,0.23,$51.75 ,$51.75 ,Successful,3/13/2014,,SBS-6247,,,Money Order,"$3,000 ",$0.00 ,$173.25 ,Enterprise,0
100 Student Desks,80723,SCHOOL BOARD WAREHOUSE,2/24/2014,$239.01 ,$5.50 ,0.23,$54.97 ,$54.97 ,Successful,2/25/2014,,SBS-6276,,,3607097352,"$3,000 ",$0.00 ,$184.04 ,Enterprise,0
Cooler,80724,NASHVILLE CONVENTION CTR,2/25/2014,$176.00 ,$4.05 ,0.23,$40.48 ,$40.48 ,Successful,3/10/2014,,NCC-77309,,,3608169626,"$3,000 ",$0.00 ,$135.52 ,Enterprise,0
Cooler,80725,NASHVILLE CONVENTION CTR,2/25/2014,$182.00 ,$4.19 ,0.23,$41.86 ,$41.86 ,Successful,3/10/2014,,NCC-77308,,,3608170169,"$3,000 ",$0.00 ,$140.14 ,Enterprise,0
Cabinet w/Napkin Holder,80726,NASHVILLE CONVENTION CTR,2/25/2014,$3.00 ,$0.07 ,0.23,$0.69 ,$0.69 ,Successful,3/10/2014,,NCC-77306,,,3608223795,"$3,000 ",$0.00 ,$2.31 ,Enterprise,0
3 Stands,80728,NASHVILLE CONVENTION CTR,2/25/2014,$9.50 ,$0.22 ,0.23,$2.19 ,$2.19 ,Successful,2/25/2014,,NCC-77307,,,3607091988,"$3,000 ",$0.00 ,$7.32 ,Enterprise,0
Sign Letters,80729,NASHVILLE CONVENTION CTR,2/25/2014,$47.00 ,$1.08 ,0.23,$10.81 ,$10.81 ,Successful,2/26/2014,,NCC-77305,,,3607158344,"$3,000 ",$0.00 ,$36.19 ,Enterprise,0
Pallet Jack,80730,TENNESSEE STATE FAIR,2/25/2014,$41.00 ,$0.94 ,0.23,$9.43 ,$9.43 ,Successful,2/25/2014,,SF-77353,,,3607067894,"$3,000 ",$0.00 ,$31.57 ,Enterprise,0
Pallet Jack,80731,TENNESSEE STATE FAIR,2/25/2014,$52.00 ,$1.20 ,0.23,$11.96 ,$11.96 ,Successful,2/25/2014,,SF-76729,,,3607068224,"$3,000 ",$0.00 ,$40.04 ,Enterprise,0
Law Books,80742,PUBLIC DEFENDER,2/25/2014,$20.98 ,$0.48 ,0.23,$4.82 ,$4.82 ,Successful,3/26/2014,,75778,,,3609540264,"$3,000 ",$0.00 ,$16.15 ,General Fund,0
Server Parts,80743,JIS,2/25/2014,$11.76 ,$0.27 ,0.23,$2.70 ,$2.70 ,Successful,2/25/2014,,"76159, 76160",,,3607070724,"$3,000 ",$0.00 ,$9.06 ,General Fund,0
1998 International School Bus,80744,SCHOOL BOARD,2/20/2014,"$2,682.06 ",$0.00 ,0.23,$616.87 ,$616.87 ,Successful,2/24/2014,,,98-19,,Cashiers Check,"$3,000 ",$0.00 ,"$2,065.19 ",Enterprise,0
Office Supplies,80745,JIS,2/25/2014,$54.00 ,$1.24 ,0.23,$12.42 ,$12.42 ,Successful,2/25/2014,,"76157, 76158, 76201, 76203, 76206",,,3607071889,"$3,000 ",$0.00 ,$41.58 ,General Fund,0
Dell Laptop,80746,HEALTH,2/25/2014,$55.00 ,$1.26 ,0.23,$12.65 ,$12.65 ,Successful,2/26/2014,,70981,,,3607163498,"$3,000 ",$0.00 ,$42.35 ,General Fund,0
Dell Laptop,80747,HEALTH,2/25/2014,$57.25 ,$1.32 ,0.23,$13.17 ,$13.17 ,Successful,2/25/2014,,71003,,,3607072127,"$3,000 ",$0.00 ,$44.08 ,General Fund,0
Dell Laptop,80748,HEALTH,2/25/2014,$47.00 ,$0.00 ,0.23,$10.81 ,$10.81 ,Successful,3/13/2014,,70988,,,Cashiers Check,"$3,000 ",$0.00 ,$36.19 ,General Fund,0
Dell Laptop,80750,HEALTH,2/25/2014,$42.00 ,$0.00 ,0.23,$9.66 ,$9.66 ,Successful,3/13/2014,,71010,,,Cashiers Check,"$3,000 ",$0.00 ,$32.34 ,General Fund,0
Dell Laptop,80758,HEALTH,2/25/2014,$37.00 ,$0.00 ,0.23,$8.51 ,$8.51 ,Successful,3/13/2014,,70984,,,Cashiers Check,"$3,000 ",$0.00 ,$28.49 ,General Fund,0
Dell Laptop,80759,HEALTH,2/25/2014,$53.75 ,$1.24 ,0.23,$12.36 ,$12.36 ,Successful,2/25/2014,,71000,,,3607124235,"$3,000 ",$0.00 ,$41.39 ,General Fund,0
1999 Bluebird School Bus,80760,SCHOOL BOARD,2/20/2014,"$2,900.01 ",$66.70 ,0.23,$667.00 ,$667.00 ,Successful,2/25/2014,,,98-32,,3607071606,"$3,000 ",$0.00 ,"$2,233.01 ",Enterprise,0
Dell Laptop,80761,HEALTH,2/25/2014,$50.00 ,$1.15 ,0.23,$11.50 ,$11.50 ,Successful,3/5/2014,,71008,,,3607860469,"$3,000 ",$0.00 ,$38.50 ,General Fund,0
Dell Laptop,80762,HEALTH,2/25/2014,$54.00 ,$1.24 ,0.23,$12.42 ,$12.42 ,Successful,2/26/2014,,70987,,,3607194403,"$3,000 ",$0.00 ,$41.58 ,General Fund,0
Dell Laptop,80763,HEALTH,2/25/2014,$54.81 ,$0.00 ,0.23,$12.60 ,$12.60 ,Successful,3/13/2014,,70985,,,Cashiers Check,"$3,000 ",$0.00 ,$42.20 ,General Fund,0
Dell Laptop,80764,HEALTH,2/25/2014,$57.00 ,$1.31 ,0.23,$13.11 ,$13.11 ,Successful,2/26/2014,,70991,,,3607194441,"$3,000 ",$0.00 ,$43.89 ,General Fund,0
1999 Bluebird School Bus,80765,SCHOOL BOARD,2/20/2014,"$3,300.00 ",$0.00 ,0.23,$759.00 ,$759.00 ,Successful,2/25/2014,,,98-37,,Cashiers Check,"$3,000 ",$0.00 ,"$2,541.00 ",Enterprise,0
Dell Laptop,80766,HEALTH,2/25/2014,$79.69 ,$1.83 ,0.23,$18.32 ,$18.32 ,Successful,3/13/2014,,75972,,,3608469632,"$3,000 ",$0.00 ,$61.36 ,General Fund,0
1998 International School Bus,80769,SCHOOL BOARD,2/20/2014,"$2,153.00 ",$0.00 ,0.23,$495.19 ,$495.19 ,Successful,2/24/2014,,,98-18,,Cashiers Check,"$3,000 ",$0.00 ,"$1,657.81 ",Enterprise,0
1998 International School Bus,80770,SCHOOL BOARD,2/20/2014,"$2,875.00 ",$0.00 ,0.23,$661.25 ,$661.25 ,Successful,2/25/2014,,,98-17,,Cashiers Check,"$3,000 ",$0.00 ,"$2,213.75 ",Enterprise,0
1999 Bluebird School Bus,80771,SCHOOL BOARD,2/20/2014,"$3,525.00 ",$0.00 ,0.23,$810.75 ,$810.75 ,Successful,2/25/2014,,,98-41,,Cashiers Check,"$3,000 ",$0.00 ,"$2,714.25 ",Enterprise,0
1998 International School Bus,80772,SCHOOL BOARD,2/20/2014,"$2,932.00 ",$0.00 ,0.23,$674.36 ,$674.36 ,Successful,2/20/2014,,,98-09,,Money Order,"$3,000 ",$0.00 ,"$2,257.64 ",Enterprise,0
1998 International School Bus,80773,SCHOOL BOARD,2/20/2014,"$2,682.00 ",$0.00 ,0.23,$616.86 ,$616.86 ,Successful,2/24/2014,,,97-18,,Cashiers Check,"$3,000 ",$0.00 ,"$2,065.14 ",Enterprise,0
1998 International School Bus,80774,SCHOOL BOARD,2/20/2014,"$2,725.00 ",$0.00 ,0.23,$626.75 ,$626.75 ,Successful,2/24/2014,,,97-13,,Cashiers Check,"$3,000 ",$0.00 ,"$2,098.25 ",Enterprise,0
Dell Laptop,80775,ITS,2/26/2014,$20.00 ,$0.46 ,0.23,$4.60 ,$4.60 ,Successful,2/26/2014,,77286,,,3607189827,"$3,000 ",$0.00 ,$15.40 ,General Fund,0
Dell Laptop,80776,ITS,2/26/2014,$22.01 ,$0.51 ,0.23,$5.06 ,$5.06 ,Successful,2/26/2014,,77287,,,3607163524,"$3,000 ",$0.00 ,$16.95 ,General Fund,0
Dell Laptop,80777,ITS,2/26/2014,$16.00 ,$0.37 ,0.23,$3.68 ,$3.68 ,Successful,2/26/2014,,77283,,,3607190048,"$3,000 ",$0.00 ,$12.32 ,General Fund,0
Dell Laptop,80778,ITS,2/26/2014,$14.00 ,$0.32 ,0.23,$3.22 ,$3.22 ,Successful,2/26/2014,,77288,,,3607163549,"$3,000 ",$0.00 ,$10.78 ,General Fund,0
Dell Laptop,80779,ITS,2/26/2014,$17.00 ,$0.39 ,0.23,$3.91 ,$3.91 ,Successful,2/26/2014,,77284,,,3607194455,"$3,000 ",$0.00 ,$13.09 ,General Fund,0
Telephones,80780,ITS,2/26/2014,$33.25 ,$0.76 ,0.23,$7.65 ,$7.65 ,Successful,2/27/2014,,76309,,,3607250815,"$3,000 ",$0.00 ,$25.60 ,General Fund,0
Computer Station,80787,PUBLIC LIBRARY,2/26/2014,$20.00 ,$0.46 ,0.23,$4.60 ,$4.60 ,Successful,2/27/2014,,77717,,,3607255523,"$3,000 ",$0.00 ,$15.40 ,General Fund,0
Computer Station,80788,PUBLIC LIBRARY,2/26/2014,$11.00 ,$0.25 ,0.23,$2.53 ,$2.53 ,Successful,3/5/2014,,77718,,,3607786467,"$3,000 ",$0.00 ,$8.47 ,General Fund,0
Tornado Floor Machine,80789,NASHVILLE CONVENTION CTR,2/26/2014,$116.00 ,$2.67 ,0.23,$26.68 ,$26.68 ,Successful,3/5/2014,,NCC-77174,,,3607793284,"$3,000 ",$0.00 ,$89.32 ,Enterprise,0
2 Shelves,80790,PUBLIC LIBRARY,2/26/2014,$44.00 ,$0.00 ,0.23,$10.12 ,$10.12 ,Successful,2/26/2014,,77708A,,,Money Order,"$3,000 ",$0.00 ,$33.88 ,General Fund,0
2 Shelves,80791,PUBLIC LIBRARY,2/26/2014,$33.00 ,$0.00 ,0.23,$7.59 ,$7.59 ,Successful,2/26/2014,,77708B,,,Money Order,"$3,000 ",$0.00 ,$25.41 ,General Fund,0
2 Shelves,80792,PUBLIC LIBRARY,2/26/2014,$41.00 ,$0.00 ,0.23,$9.43 ,$9.43 ,Successful,2/26/2014,,77708C,,,Money Order,"$3,000 ",$0.00 ,$31.57 ,General Fund,0
Shelf,80793,PUBLIC LIBRARY,2/26/2014,$13.00 ,$0.00 ,0.23,$2.99 ,$2.99 ,Successful,2/26/2014,,77708D,,,Money Order,"$3,000 ",$0.00 ,$10.01 ,General Fund,0
Shelf,80794,PUBLIC LIBRARY,2/26/2014,$11.01 ,$0.25 ,0.23,$2.53 ,$2.53 ,Successful,4/7/2014,,77708E,,,3610674933,"$3,000 ",$0.00 ,$8.47 ,General Fund,0
Shelf,80795,PUBLIC LIBRARY,2/26/2014,$10.02 ,$0.23 ,0.23,$2.30 ,$2.30 ,Successful,2/26/2014,,77708F,,,3607176307,"$3,000 ",$0.00 ,$7.72 ,General Fund,0
Shelf,80796,PUBLIC LIBRARY,2/26/2014,$13.00 ,$0.30 ,0.23,$2.99 ,$2.99 ,Successful,3/6/2014,,77708G,,,3607868640,"$3,000 ",$0.00 ,$10.01 ,General Fund,0
Computer Station,80797,PUBLIC LIBRARY,2/26/2014,$11.17 ,$0.26 ,0.23,$2.57 ,$2.57 ,Successful,2/26/2014,,77715,,,3607179162,"$3,000 ",$0.00 ,$8.60 ,General Fund,0
Computer Station,80798,PUBLIC LIBRARY,2/26/2014,$20.00 ,$0.46 ,0.23,$4.60 ,$4.60 ,Successful,2/26/2014,,77716,,,3607179196,"$3,000 ",$0.00 ,$15.40 ,General Fund,0
Dell Laptop,80799,ITS,2/27/2014,$6.00 ,$0.14 ,0.23,$1.38 ,$1.38 ,Successful,3/5/2014,,77279,,,3607860472,"$3,000 ",$0.00 ,$4.62 ,General Fund,0
2 Dell Laptops,80800,ITS,2/27/2014,$74.69 ,$0.00 ,0.23,$17.17 ,$17.17 ,Successful,3/10/2014,,"77281, 77282",,,Cashiers Check,"$3,000 ",$0.00 ,$57.51 ,General Fund,0
Dell Laptop,80801,ITS,2/27/2014,$47.00 ,$1.08 ,0.23,$10.81 ,$10.81 ,Successful,3/3/2014,,77285,,,3607649741,"$3,000 ",$0.00 ,$36.19 ,General Fund,0
6 Dell PC's,80802,ITS,2/27/2014,$20.01 ,$0.46 ,0.23,$4.60 ,$4.60 ,Successful,3/4/2014,,"76959, 76961, 76962, 76964, 76965, 76991",,,3607700782,"$3,000 ",$0.00 ,$15.40 ,General Fund,0
Child Size Rocking Chair,80803,METRO ACTION,2/27/2014,$35.00 ,$0.00 ,0.23,$8.05 ,$8.05 ,Successful,3/13/2014,,MAC-74027,,,Cashiers Check,"$3,000 ",$0.00 ,$26.95 ,Enterprise,0
Child Size Rocking Chair,80804,METRO ACTION,2/27/2014,$35.59 ,$0.00 ,0.23,$8.18 ,$8.18 ,Successful,3/13/2014,,MAC-74028,,,Cashiers Check,"$3,000 ",$0.00 ,$27.40 ,Enterprise,0
"Dell 19"" Flat Screen Monitor",80805,JUVENILE COURT,2/27/2014,$27.00 ,$0.00 ,0.23,$6.21 ,$6.21 ,Successful,3/13/2014,,75523,,,Cashiers Check,"$3,000 ",$0.00 ,$20.79 ,General Fund,0
"Dell 17"" Flat Screen Monitor",80806,JUVENILE COURT,2/27/2014,$19.00 ,$0.00 ,0.23,$4.37 ,$4.37 ,Successful,3/13/2014,,74508,,,Cashiers Check,"$3,000 ",$0.00 ,$14.63 ,General Fund,0
13 Paper Trays,80807,ELECTION COMMISSION,2/27/2014,$1.00 ,$0.02 ,0.23,$0.23 ,$0.23 ,Successful,3/5/2014,,75640,,,3607786479,"$3,000 ",$0.00 ,$0.77 ,General Fund,0
Metal Credenza,80808,TENNESSEE STATE FAIR,2/27/2014,$23.00 ,$0.53 ,0.23,$5.29 ,$5.29 ,Successful,3/3/2014,,SF-76751,,,3607593393,"$3,000 ",$0.00 ,$17.71 ,Enterprise,0
Anets Grease Filter,80809,TENNESSEE STATE FAIR,2/27/2014,$53.00 ,$1.22 ,0.23,$12.19 ,$12.19 ,Successful,3/13/2014,,SF-76728,,,3608477092,"$3,000 ",$0.00 ,$40.81 ,Enterprise,0
Hobart Meat Slice w/Work Table,80810,NASHVILLE CONVENTION CTR,2/27/2014,$792.00 ,$18.22 ,0.23,$182.16 ,$182.16 ,Successful,3/13/2014,,NCC-77411,,,3608477112,"$3,000 ",$0.00 ,$609.84 ,Enterprise,0
Blodgett Oven,80826,SCHOOL BOARD WAREHOUSE,2/27/2014,$347.00 ,$0.00 ,0.23,$79.81 ,$79.81 ,Successful,3/24/2014,,SBS-6286,,,Money Order,"$3,000 ",$0.00 ,$267.19 ,Enterprise,0
Beverage Air Milk Cooler,80827,SCHOOL BOARD WAREHOUSE,2/27/2014,$73.69 ,$1.69 ,0.23,$16.95 ,$16.95 ,Successful,2/27/2014,,SBS-6285,,,3607271719,"$3,000 ",$0.00 ,$56.74 ,Enterprise,0
Hobart 60 qt Mixer,80828,SCHOOL BOARD WAREHOUSE,2/27/2014,"$1,782.00 ",$0.00 ,0.23,$409.86 ,$409.86 ,Successful,3/5/2014,,SBS-6284,,,Cashiers Check,"$3,000 ",$0.00 ,"$1,372.14 ",Enterprise,0
South Bend Double Oven,80829,SCHOOL BOARD WAREHOUSE,2/27/2014,$311.00 ,$7.15 ,0.23,$71.53 ,$71.53 ,Successful,3/3/2014,,SBS-6255,,,3607619250,"$3,000 ",$0.00 ,$239.47 ,Enterprise,0
Cres-Cor Warmer,80830,SCHOOL BOARD WAREHOUSE,2/27/2014,$130.00 ,$2.99 ,0.23,$29.90 ,$29.90 ,Successful,3/3/2014,,SBS-6272,,,3607619540,"$3,000 ",$0.00 ,$100.10 ,Enterprise,0
Cres-Cor Warmer,80831,SCHOOL BOARD WAREHOUSE,2/27/2014,$130.00 ,$0.00 ,0.23,$29.90 ,$29.90 ,Successful,3/5/2014,,SBS-6271,,,Cashiers Check,"$3,000 ",$0.00 ,$100.10 ,Enterprise,0
'True' Milk Cooler,80832,SCHOOL BOARD WAREHOUSE,2/27/2014,$103.00 ,$2.37 ,0.23,$23.69 ,$23.69 ,Successful,3/4/2014,,SBS-6278,,,3607743554,"$3,000 ",$0.00 ,$79.31 ,Enterprise,0
2000 Chevrolet Astro Van,80833,MDHA,2/27/2014,"$2,800.00 ",$0.00 ,0.23,$644.00 ,$644.00 ,Successful,3/17/2014,,,MDHA-8,,Cashiers Check,"$3,000 ",$0.00 ,"$2,156.00 ",Enterprise,0
IT Rack,80856,SURPLUS WAREHOUSE,3/3/2014,$20.15 ,$0.46 ,0.23,$4.63 ,$4.63 ,Successful,3/4/2014,,78144,,,3607690485,"$3,000 ",$0.00 ,$15.51 ,General Fund,0
Quincy Air Compressor,80857,HEALTH,3/3/2014,$410.00 ,$9.43 ,0.23,$94.30 ,$94.30 ,Successful,3/6/2014,,77896,,,3607873672,"$3,000 ",$0.00 ,$315.70 ,General Fund,0
Clarke Floor Machine,80858,HEALTH,3/3/2014,$274.88 ,$6.32 ,0.23,$63.22 ,$63.22 ,Successful,3/4/2014,,77897,,,3607682513,"$3,000 ",$0.00 ,$211.65 ,General Fund,0
File Cabinet,80859,HEALTH,3/3/2014,$16.00 ,$0.37 ,0.23,$3.68 ,$3.68 ,Successful,3/13/2014,,77697,,,3608473806,"$3,000 ",$0.00 ,$12.32 ,General Fund,0
'Super Striper' Parking Lot Striper,80868,HEALTH,3/4/2014,$22.50 ,$0.52 ,0.23,$5.17 ,$5.17 ,Successful,3/4/2014,,77901A,,,3607725335,"$3,000 ",$0.00 ,$17.32 ,General Fund,0
'Super Striper' Parking Lot Striper,80869,HEALTH,3/4/2014,$25.32 ,$0.58 ,0.23,$5.82 ,$5.82 ,Successful,3/4/2014,,77901B,,,3607725688,"$3,000 ",$0.00 ,$19.49 ,General Fund,0
Deep Fryer,80878,TENNESSEE STATE FAIR,3/5/2014,$105.09 ,$2.42 ,0.23,$24.17 ,$24.17 ,Successful,3/6/2014,,SF-7767,,,3607909455,"$3,000 ",$0.00 ,$80.91 ,Enterprise,0
Pizza/Pretzel Oven,80879,TENNESSEE STATE FAIR,3/5/2014,$52.00 ,$1.20 ,0.23,$11.96 ,$11.96 ,Successful,3/25/2014,,SF-77674,,,3609507188,"$3,000 ",$0.00 ,$40.04 ,Enterprise,0
Pizza/Pretzel Oven,80880,TENNESSEE STATE FAIR,3/5/2014,$68.00 ,$1.56 ,0.23,$15.64 ,$15.64 ,Successful,3/25/2014,,SF-77666,,,3609507200,"$3,000 ",$0.00 ,$52.36 ,Enterprise,0
Brandt 8643 Money Counter,80881,TENNESSEE STATE FAIR,3/5/2014,$47.00 ,$1.08 ,0.23,$10.81 ,$10.81 ,Successful,3/6/2014,,SF-77664,,,3607905818,"$3,000 ",$0.00 ,$36.19 ,Enterprise,0
Hot Dog Roller,80882,TENNESSEE STATE FAIR,3/5/2014,$126.01 ,$2.90 ,0.23,$28.98 ,$28.98 ,Successful,3/10/2014,,SF-77679,,,3608195871,"$3,000 ",$0.00 ,$97.02 ,Enterprise,0
Gemini Coffee Maker,80883,TENNESSEE STATE FAIR,3/5/2014,$16.55 ,$0.00 ,0.23,$3.80 ,$3.80 ,Successful,3/24/2014,,SF-77676,,,Money Order,"$3,000 ",$0.00 ,$12.74 ,Enterprise,0
Bunn Coffee Maker,80884,TENNESSEE STATE FAIR,3/5/2014,$57.00 ,$1.31 ,0.23,$13.11 ,$13.11 ,Successful,3/5/2014,,SF-77671,,,3607860476,"$3,000 ",$0.00 ,$43.89 ,Enterprise,0
Bunn Coffee Maker,80885,TENNESSEE STATE FAIR,3/5/2014,$62.00 ,$0.00 ,0.23,$14.26 ,$14.26 ,Successful,3/24/2014,,SF-77673,,,Money Order,"$3,000 ",$0.00 ,$47.74 ,Enterprise,0
AMW Coffee Maker,80886,TENNESSEE STATE FAIR,3/5/2014,$57.00 ,$0.00 ,0.23,$13.11 ,$13.11 ,Successful,3/6/2014,,SF-77668,,,Cashiers Check,"$3,000 ",$0.00 ,$43.89 ,Enterprise,0
Peavey Stereo Equipment,80887,TENNESSEE STATE FAIR,3/5/2014,$22.56 ,$0.52 ,0.23,$5.18 ,$5.18 ,Successful,3/10/2014,,"SF-77654, SF-77655",,,3608147445,"$3,000 ",$0.00 ,$17.37 ,Enterprise,0
Meiko Dish Washer,80888,TENNESSEE STATE FAIR,3/5/2014,$419.00 ,$9.64 ,0.23,$96.37 ,$96.37 ,Successful,3/13/2014,,SF-77681,,,3608477123,"$3,000 ",$0.00 ,$322.63 ,Enterprise,0
Steam Well,80889,TENNESSEE STATE FAIR,3/5/2014,$11.49 ,$0.26 ,0.23,$2.64 ,$2.64 ,Successful,3/9/2014,,SF-77667,,,3608130555,"$3,000 ",$0.00 ,$8.84 ,Enterprise,0
Heat Lamp,80890,TENNESSEE STATE FAIR,3/5/2014,$60.00 ,$1.38 ,0.23,$13.80 ,$13.80 ,Successful,3/13/2014,,SF-77675,,,3608477138,"$3,000 ",$0.00 ,$46.20 ,Enterprise,0
Hatco Food Warmer,80891,TENNESSEE STATE FAIR,3/5/2014,$201.99 ,$0.00 ,0.23,$46.45 ,$46.45 ,Successful,3/24/2014,,SF-77678,,,Money Order,"$3,000 ",$0.00 ,$155.53 ,Enterprise,0
Curtis Hot Chocolate Machine,80892,TENNESSEE STATE FAIR,3/5/2014,$106.99 ,$2.46 ,0.23,$24.60 ,$24.60 ,Successful,3/6/2014,,SF-77670,,,3607905831,"$3,000 ",$0.00 ,$82.38 ,Enterprise,0
Restaurant Equipment,80893,TENNESSEE STATE FAIR,3/5/2014,$53.00 ,$1.22 ,0.23,$12.19 ,$12.19 ,Successful,3/9/2014,,"SF-77147, SF-77680",,,3608130646,"$3,000 ",$0.00 ,$40.81 ,Enterprise,0
3 Fans,80894,HEALTH,3/5/2014,$27.01 ,$0.62 ,0.23,$6.21 ,$6.21 ,Successful,3/19/2014,,"77903, 77906, 77908",,,3608941455,"$3,000 ",$0.00 ,$20.79 ,General Fund,0
3 Fans,80895,HEALTH,3/5/2014,$34.00 ,$0.78 ,0.23,$7.82 ,$7.82 ,Successful,3/19/2014,,"77904, 77905, 77907",,,3608941484,"$3,000 ",$0.00 ,$26.18 ,General Fund,0
Paragon Electric Kiln,80896,PARKS,3/5/2014,$175.02 ,$4.03 ,0.23,$40.25 ,$40.25 ,Successful,3/13/2014,,77313,,,3608466429,"$3,000 ",$0.00 ,$134.76 ,General Fund,0
Skutt Electric Kiln,80897,PARKS,3/5/2014,$88.01 ,$2.02 ,0.23,$20.24 ,$20.24 ,Successful,3/13/2014,,77314,,,3608466445,"$3,000 ",$0.00 ,$67.76 ,General Fund,0
Radios & Cables,80898,RADIO COMMUNICATIONS,3/4/2014,$210.02 ,$4.83 ,0.23,$48.30 ,$48.30 ,Successful,3/4/2014,,"RC-77890, RC-77891",,,3607764656,"$3,000 ",$0.00 ,$161.71 ,Enterprise,0
Battery Chargers,80899,RADIO COMMUNICATIONS,3/4/2014,$385.55 ,$8.87 ,0.23,$88.67 ,$88.67 ,Successful,3/6/2014,,RC-77889,,,3607904166,"$3,000 ",$0.00 ,$296.87 ,Enterprise,0
Radios,80900,RADIO COMMUNICATIONS,3/4/2014,"$1,036.00 ",$23.83 ,0.23,$238.28 ,$238.28 ,Successful,3/4/2014,,RC-77888,,,3607764660,"$3,000 ",$0.00 ,$797.72 ,Enterprise,0
Radio Equipment,80901,RADIO COMMUNICATIONS,3/4/2014,$270.55 ,$6.22 ,0.23,$62.22 ,$62.22 ,Successful,3/4/2014,,RC-77892,,,3607764662,"$3,000 ",$0.00 ,$208.32 ,Enterprise,0
Dell Laptop w/Bag,80902,ECD COMMUNICATIONS,3/4/2014,$72.69 ,$1.67 ,0.23,$16.71 ,$16.71 ,Successful,3/6/2014,,ECD-71175,,,3607895478,"$3,000 ",$0.00 ,$55.97 ,Enterprise,0
Dell Laptop,80903,ITS,3/4/2014,$51.69 ,$1.19 ,0.23,$11.88 ,$11.88 ,Successful,3/5/2014,,75976,,,3607860478,"$3,000 ",$0.00 ,$39.80 ,General Fund,0
Dell Laptop,80904,ITS,3/4/2014,$45.21 ,$1.04 ,0.23,$10.39 ,$10.39 ,Successful,3/6/2014,,71619,,,3607895512,"$3,000 ",$0.00 ,$34.81 ,General Fund,0
Dell Laptop,80905,ITS,3/4/2014,$45.00 ,$0.00 ,0.23,$10.35 ,$10.35 ,Successful,3/19/2014,,75974,,,Money Order,"$3,000 ",$0.00 ,$34.65 ,General Fund,0
Dell Laptop,80906,ITS,3/4/2014,$32.00 ,$0.74 ,0.23,$7.36 ,$7.36 ,Successful,3/4/2014,,75973,,,3607715847,"$3,000 ",$0.00 ,$24.64 ,General Fund,0
Dell Laptop,80907,ITS,3/4/2014,$36.11 ,$0.83 ,0.23,$8.30 ,$8.30 ,Successful,3/5/2014,,75971,,,3607860484,"$3,000 ",$0.00 ,$27.80 ,General Fund,0
Dell Laptop w/Bag,80908,ITS,3/4/2014,$32.00 ,$0.74 ,0.23,$7.36 ,$7.36 ,Successful,3/5/2014,,70053,,,3607828151,"$3,000 ",$0.00 ,$24.64 ,General Fund,0
Dell Laptop,80911,ITS,3/4/2014,$32.00 ,$0.74 ,0.23,$7.36 ,$7.36 ,Successful,3/5/2014,,70104,,,3607828184,"$3,000 ",$0.00 ,$24.64 ,General Fund,0
Dell Laptop,80913,ITS,3/4/2014,$30.00 ,$0.69 ,0.23,$6.90 ,$6.90 ,Successful,3/10/2014,,70109,,,3608170503,"$3,000 ",$0.00 ,$23.10 ,General Fund,0
Hobart 512 TMS Slicer,80925,SCHOOL BOARD WAREHOUSE,3/5/2014,$342.00 ,$7.87 ,0.23,$78.66 ,$78.66 ,Successful,3/5/2014,,SBS-6204A,,,3607825538,"$3,000 ",$0.00 ,$263.34 ,Enterprise,0
Road Master 18-Speed Bicycle,80926,GENERAL SERVICES,3/5/2014,$6.00 ,$0.14 ,0.23,$1.38 ,$1.38 ,Successful,3/11/2014,,75509,,,3608282550,"$3,000 ",$0.00 ,$4.62 ,General Fund,0
5 Record Players,80927,METRO ACTION,3/5/2014,$50.75 ,$1.17 ,0.23,$11.67 ,$11.67 ,Successful,3/5/2014,,"MAC-74199, MAC-74196, MAC-74197, MAC-74198, MAC-74195",,,3607809302,"$3,000 ",$0.00 ,$39.07 ,Enterprise,0
Color Point Commercial Refrigerator,80928,SCHOOL BOARD WAREHOUSE,3/6/2014,$64.23 ,$1.48 ,0.23,$14.77 ,$14.77 ,Successful,3/10/2014,,SBS-6280,,,3608193200,"$3,000 ",$0.00 ,$49.45 ,Enterprise,0
Color Point Commercial Refrigerator,80929,SCHOOL BOARD WAREHOUSE,3/6/2014,$22.62 ,$0.52 ,0.23,$5.20 ,$5.20 ,Successful,3/10/2014,,SBS-6279,,,3608193225,"$3,000 ",$0.00 ,$17.41 ,Enterprise,0
Color Point Portable Work Counter,80930,SCHOOL BOARD WAREHOUSE,3/6/2014,$180.00 ,$4.14 ,0.23,$41.40 ,$41.40 ,Successful,3/6/2014,,SBS-6281,,,3607901308,"$3,000 ",$0.00 ,$138.60 ,Enterprise,0
Laptop Cart,80931,SCHOOL BOARD WAREHOUSE,3/6/2014,$52.00 ,$1.20 ,0.23,$11.96 ,$11.96 ,Successful,3/7/2014,,SBS-6287A,,,3607995828,"$3,000 ",$0.00 ,$40.04 ,Enterprise,0
Laptop Cart,80932,SCHOOL BOARD WAREHOUSE,3/6/2014,$27.00 ,$0.62 ,0.23,$6.21 ,$6.21 ,Successful,3/7/2014,,SBS-6287B,,,3607995481,"$3,000 ",$0.00 ,$20.79 ,Enterprise,0
GE Refrigerator,80933,SCHOOL BOARD WAREHOUSE,3/6/2014,$11.00 ,$0.00 ,0.23,$2.53 ,$2.53 ,Successful,3/6/2014,,SBS-6295,,,Cashiers Check,"$3,000 ",$0.00 ,$8.47 ,Enterprise,0
Kodak Micro Filmer,80934,SCHOOL BOARD WAREHOUSE,3/6/2014,$1.00 ,$0.00 ,0.23,$0.23 ,$0.23 ,Successful,4/3/2014,,SBS-6294,,,Cashiers Check,"$3,000 ",$0.00 ,$0.77 ,Enterprise,0
Baldwin Upright Piano,80935,SCHOOL BOARD WAREHOUSE,3/6/2014,$52.00 ,$1.20 ,0.23,$11.96 ,$11.96 ,Successful,3/10/2014,,SBS-6283,,,3608170208,"$3,000 ",$0.00 ,$40.04 ,Enterprise,0
Poster Board,80936,SCHOOL BOARD WAREHOUSE,3/6/2014,$91.00 ,$2.09 ,0.23,$20.93 ,$20.93 ,Successful,3/20/2014,,SBS-5643N,,,3609077393,"$3,000 ",$0.00 ,$70.07 ,Enterprise,0
Poster Board,80937,SCHOOL BOARD WAREHOUSE,3/6/2014,$46.01 ,$1.06 ,0.23,$10.58 ,$10.58 ,Successful,3/10/2014,,SBS-5643O,,,3608148357,"$3,000 ",$0.00 ,$35.42 ,Enterprise,0
Poster Board,80938,SCHOOL BOARD WAREHOUSE,3/6/2014,$92.00 ,$2.12 ,0.23,$21.16 ,$21.16 ,Successful,3/10/2014,,SBS-5643P,,,3608161799,"$3,000 ",$0.00 ,$70.84 ,Enterprise,0
Victory Freezer,80939,SCHOOL BOARD WAREHOUSE,3/6/2014,$288.00 ,$0.00 ,0.23,$66.24 ,$66.24 ,Successful,3/12/2014,,SBS-6299,,,Cashiers Check,"$3,000 ",$0.00 ,$221.76 ,Enterprise,0
Beverage-Air Milk Cooler,80940,SCHOOL BOARD WAREHOUSE,3/6/2014,$100.83 ,$2.32 ,0.23,$23.19 ,$23.19 ,Successful,3/6/2014,,SBS-6298,,,3607895416,"$3,000 ",$0.00 ,$77.63 ,Enterprise,0
"Panasonic 20"" TV/VCR Combo w/Cart",80941,SCHOOL BOARD WAREHOUSE,3/6/2014,$20.00 ,$0.46 ,0.23,$4.60 ,$4.60 ,Successful,3/20/2014,,SBS-6296,,,3609085772,"$3,000 ",$0.00 ,$15.40 ,Enterprise,0
"RCA 27"" Television",80942,SCHOOL BOARD WAREHOUSE,3/6/2014,$2.51 ,$0.06 ,0.23,$0.57 ,$0.57 ,Successful,3/10/2014,,SBS-6274A,,,3608193247,"$3,000 ",$0.00 ,$1.93 ,Enterprise,0
Wilson AV Cart,80943,SCHOOL BOARD WAREHOUSE,3/6/2014,$24.00 ,$0.55 ,0.23,$5.52 ,$5.52 ,Successful,3/6/2014,,SBS-6274B,,,3607918222,"$3,000 ",$0.00 ,$18.48 ,Enterprise,0
Makita Tool Bag,80944,SCHOOL BOARD WAREHOUSE,3/6/2014,$12.00 ,$0.28 ,0.23,$2.76 ,$2.76 ,Successful,3/11/2014,,SBS-6290,,,3608281021,"$3,000 ",$0.00 ,$9.24 ,Enterprise,0
Makita Hammer Drill,80945,SCHOOL BOARD WAREHOUSE,3/6/2014,$85.00 ,$1.96 ,0.23,$19.55 ,$19.55 ,Successful,4/3/2014,,SBS-6290B,,,3610343048,"$3,000 ",$0.00 ,$65.45 ,Enterprise,0
Makita 18v Impact Driver,80948,SCHOOL BOARD WAREHOUSE,3/6/2014,$46.00 ,$1.06 ,0.23,$10.58 ,$10.58 ,Successful,3/6/2014,,SBS-6290E,,,3607941163,"$3,000 ",$0.00 ,$35.42 ,Enterprise,0
DeWalt Drill/Impact Driver w/Charger,80949,SCHOOL BOARD WAREHOUSE,3/6/2014,$108.00 ,$2.48 ,0.23,$24.84 ,$24.84 ,Successful,3/11/2014,,SBS-6290F,,,3608291710,"$3,000 ",$0.00 ,$83.16 ,Enterprise,0
Round Table,80950,SCHOOL BOARD WAREHOUSE,3/6/2014,$8.15 ,$0.19 ,0.23,$1.87 ,$1.87 ,Successful,3/11/2014,,SBS-6297A,,,3608257521,"$3,000 ",$0.00 ,$6.27 ,Enterprise,0
Round Table,80951,SCHOOL BOARD WAREHOUSE,3/6/2014,$6.45 ,$0.15 ,0.23,$1.48 ,$1.48 ,Successful,3/11/2014,,SBS-6297B,,,3608257535,"$3,000 ",$0.00 ,$4.96 ,Enterprise,0
Round Table,80952,SCHOOL BOARD WAREHOUSE,3/6/2014,$7.60 ,$0.17 ,0.23,$1.74 ,$1.74 ,Successful,3/11/2014,,SBS-6297C,,,3608257565,"$3,000 ",$0.00 ,$5.85 ,Enterprise,0
Round Table,80953,SCHOOL BOARD WAREHOUSE,3/6/2014,$8.56 ,$0.00 ,0.23,$1.96 ,$1.96 ,Successful,3/19/2014,,SBS-6297D,,,Money Order,"$3,000 ",$0.00 ,$6.59 ,Enterprise,0
Metal Shelf,80954,TENNESSEE STATE FAIR,3/10/2014,$13.00 ,$0.30 ,0.23,$2.99 ,$2.99 ,Successful,3/13/2014,,SF-76750,,,3608478714,"$3,000 ",$0.00 ,$10.01 ,Enterprise,0
Metal Shelf,80955,TENNESSEE STATE FAIR,3/10/2014,$9.00 ,$0.21 ,0.23,$2.07 ,$2.07 ,Successful,3/13/2014,,SF-76517,,,3608479189,"$3,000 ",$0.00 ,$6.93 ,Enterprise,0
Metal Rack w/Wheels,80956,TENNESSEE STATE FAIR,3/10/2014,$16.00 ,$0.37 ,0.23,$3.68 ,$3.68 ,Successful,3/12/2014,,SF-76516,,,3608348967,"$3,000 ",$0.00 ,$12.32 ,Enterprise,0
5 Cash Registers,80957,TENNESSEE STATE FAIR,3/10/2014,$14.50 ,$0.33 ,0.23,$3.33 ,$3.33 ,Successful,3/12/2014,,"SF-76496, SF-76497, SF-76498, SF-76499, SF-76500",,,3608376811,"$3,000 ",$0.00 ,$11.16 ,Enterprise,0
Beverage Dispenser,80958,TENNESSEE STATE FAIR,3/10/2014,$6.55 ,$0.15 ,0.23,$1.50 ,$1.50 ,Successful,3/13/2014,,SF-77368,,,3608479211,"$3,000 ",$0.00 ,$5.04 ,Enterprise,0
Office Supplies,80960,FINANCE,3/10/2014,$6.00 ,$0.14 ,0.23,$1.38 ,$1.38 ,Successful,3/13/2014,,"77402, 77405B, 77407, 77408",,,3608479620,"$3,000 ",$0.00 ,$4.62 ,General Fund,0
Office Supplies,80961,PLANNING,3/10/2014,$5.71 ,$0.13 ,0.23,$1.31 ,$1.31 ,Successful,3/13/2014,,"77625, 77629, 77637, 77638, 77639, 77640",,,3608479241,"$3,000 ",$0.00 ,$4.39 ,General Fund,0
Credenza,80962,RADIO COMMUNICATIONS,3/10/2014,$155.01 ,$0.00 ,0.23,$35.65 ,$35.65 ,Successful,3/11/2014,,RC-77895,,,Cashiers Check,"$3,000 ",$0.00 ,$119.35 ,Enterprise,0
Hon File Cabinet,80963,COMMUNITY EDUCATION,3/10/2014,$27.00 ,$0.62 ,0.23,$6.21 ,$6.21 ,Successful,3/13/2014,,76314,,,3608472739,"$3,000 ",$0.00 ,$20.79 ,General Fund,0
Dell Laptop,80964,ITS,3/10/2014,$83.00 ,$1.91 ,0.23,$19.09 ,$19.09 ,Successful,3/16/2014,,77448,,,3608709190,"$3,000 ",$0.00 ,$63.91 ,General Fund,0
Dell Laptop,80965,ITS,3/10/2014,$88.00 ,$2.02 ,0.23,$20.24 ,$20.24 ,Successful,3/10/2014,,77451,,,3608174527,"$3,000 ",$0.00 ,$67.76 ,General Fund,0
Dell Laptop,80966,ITS,3/10/2014,$115.00 ,$2.64 ,0.23,$26.45 ,$26.45 ,Successful,3/12/2014,,77457,,,3608418937,"$3,000 ",$0.00 ,$88.55 ,General Fund,0
Dell Laptop,80967,ITS,3/10/2014,$120.00 ,$2.76 ,0.23,$27.60 ,$27.60 ,Successful,3/11/2014,,77459,,,3608274622,"$3,000 ",$0.00 ,$92.40 ,General Fund,0
Dell Laptop,80968,ITS,3/10/2014,$101.69 ,$2.34 ,0.23,$23.38 ,$23.38 ,Successful,3/18/2014,,77460,,,3608889041,"$3,000 ",$0.00 ,$78.30 ,General Fund,0
Dell Laptop,80970,ITS,3/10/2014,$103.00 ,$0.00 ,0.23,$23.69 ,$23.69 ,Successful,3/13/2014,,77461,,,Cashiers Check,"$3,000 ",$0.00 ,$79.31 ,General Fund,0
Dell Laptop,80971,ITS,3/10/2014,$115.00 ,$0.00 ,0.23,$26.45 ,$26.45 ,Successful,3/13/2014,,77462,,,Cashiers Check,"$3,000 ",$0.00 ,$88.55 ,General Fund,0
Dell Laptop,80972,ITS,3/10/2014,$120.00 ,$2.76 ,0.23,$27.60 ,$27.60 ,Successful,3/11/2014,,77442,,,3608274656,"$3,000 ",$0.00 ,$92.40 ,General Fund,0
Dell Laptop,80973,ITS,3/10/2014,$115.00 ,$2.64 ,0.23,$26.45 ,$26.45 ,Successful,3/10/2014,,77439,,,3608175174,"$3,000 ",$0.00 ,$88.55 ,General Fund,0
Dell Laptop,80974,ITS,3/10/2014,$75.00 ,$1.72 ,0.23,$17.25 ,$17.25 ,Successful,3/12/2014,,77458,,,3608418961,"$3,000 ",$0.00 ,$57.75 ,General Fund,0
Yale Lift,80976,SCHOOL BOARD WAREHOUSE,3/10/2014,$214.01 ,$4.92 ,0.23,$49.22 ,$49.22 ,Successful,3/10/2014,,SBS-6275,,,3608194524,"$3,000 ",$0.00 ,$164.78 ,Enterprise,0
2003 Chevrolet 1500,80980,OFM-WATER SERVICES,3/6/2014,"$5,750.00 ",$0.00 ,0.23,"$1,322.50 ","$1,322.50 ",Successful,3/6/2014,80000523,,31A 4379,,Cashiers Check,"$3,000 ",$0.00 ,"$4,427.50 ",Enterprise,0
2003 Ford E-350,80982,SCHOOL BOARD,3/6/2014,"$1,825.00 ",$41.98 ,0.23,$419.75 ,$419.75 ,Successful,3/6/2014,228596,,M-806,,3607907358,"$3,000 ",$0.00 ,"$1,405.25 ",Enterprise,0
2003 Ford E-350,80983,SCHOOL BOARD,3/6/2014,"$1,246.00 ",$0.00 ,0.23,$286.58 ,$286.58 ,Successful,3/12/2014,228600,,M-808,,Cashiers Check,"$3,000 ",$0.00 ,$959.42 ,Enterprise,0
2003 Chevrolet S-10,80984,SCHOOL BOARD,3/6/2014,"$4,076.00 ",$0.00 ,0.23,$937.48 ,$937.48 ,Successful,3/10/2014,228706,,O-02,,Cashiers Check,"$3,000 ",$0.00 ,"$3,138.52 ",Enterprise,0
Monark Exercise Bike,80985,HEALTH,3/11/2014,$48.50 ,$1.12 ,0.23,$11.15 ,$11.15 ,Successful,3/11/2014,,77912,,,3608271579,"$3,000 ",$0.00 ,$37.34 ,General Fund,0
Hon Metal Storage Cabinet,80987,HEALTH,3/11/2014,$47.00 ,$0.00 ,0.23,$10.81 ,$10.81 ,Successful,3/13/2014,,78064,,,Cashiers Check,"$3,000 ",$0.00 ,$36.19 ,General Fund,0
Table,80988,SURPLUS WAREHOUSE,3/11/2014,$1.00 ,$0.02 ,0.23,$0.23 ,$0.23 ,Successful,3/13/2014,,75621,,,3608479262,"$3,000 ",$0.00 ,$0.77 ,General Fund,0
2 Chairs,80989,JIS,3/11/2014,$26.00 ,$0.60 ,0.23,$5.98 ,$5.98 ,Successful,3/14/2014,,"78140, 78141",,,3608548694,"$3,000 ",$0.00 ,$20.02 ,General Fund,0
Haworth Office Chair,80990,JIS,3/11/2014,$32.01 ,$0.74 ,0.23,$7.36 ,$7.36 ,Successful,3/11/2014,,78137,,,3608281728,"$3,000 ",$0.00 ,$24.64 ,General Fund,0
"Dell 17"" Flat Screen Monitor",80997,STATE TRIAL COURT,3/11/2014,$8.43 ,$0.00 ,0.23,$1.93 ,$1.93 ,Successful,3/13/2014,,78092,,,Cashiers Check,"$3,000 ",$0.00 ,$6.49 ,General Fund,0
"Dell 17"" Flat Screen Monitor",80998,STATE TRIAL COURT,3/11/2014,$16.51 ,$0.00 ,0.23,$3.79 ,$3.79 ,Successful,3/13/2014,,78090,,,Cashiers Check,"$3,000 ",$0.00 ,$12.71 ,General Fund,0
"Dell 17"" Flat Screen Monitor",80999,STATE TRIAL COURT,3/11/2014,$13.51 ,$0.00 ,0.23,$3.10 ,$3.10 ,Successful,3/13/2014,,78091,,,Cashiers Check,"$3,000 ",$0.00 ,$10.40 ,General Fund,0
"Dell 19"" Flat Screen Monitor",81000,STATE TRIAL COURT,3/11/2014,$27.00 ,$0.62 ,0.23,$6.21 ,$6.21 ,Successful,3/18/2014,,78100,,,3608889063,"$3,000 ",$0.00 ,$20.79 ,General Fund,0
"Dell 19"" Flat Screen Monitor",81001,STATE TRIAL COURT,3/11/2014,$27.00 ,$0.62 ,0.23,$6.21 ,$6.21 ,Successful,3/19/2014,,78089,,,3608963155,"$3,000 ",$0.00 ,$20.79 ,General Fund,0
John Deere Flail Mower,81006,PARKS,3/12/2014,$540.00 ,$0.00 ,0.23,$124.20 ,$124.20 ,Successful,3/12/2014,,77981,,,Cashiers Check,"$3,000 ",$0.00 ,$415.80 ,General Fund,0
Olathe Blower,81007,PARKS,3/12/2014,$50.01 ,$1.15 ,0.23,$11.50 ,$11.50 ,Successful,3/21/2014,,77980,,,3609157347,"$3,000 ",$0.00 ,$38.50 ,General Fund,0
Reel Mower Parts,81008,PARKS,3/12/2014,$37.00 ,$0.85 ,0.23,$8.51 ,$8.51 ,Successful,3/13/2014,,77982,,,3608455579,"$3,000 ",$0.00 ,$28.49 ,General Fund,0
3 John Deere Push Mowers,81009,PARKS,3/12/2014,$85.00 ,$1.96 ,0.23,$19.55 ,$19.55 ,Successful,3/13/2014,,"77302, 77303, 77304",,,3608456020,"$3,000 ",$0.00 ,$65.45 ,General Fund,0
3 Antennas,81011,RADIO COMMUNICATIONS,3/12/2014,$42.60 ,$0.98 ,0.23,$9.79 ,$9.79 ,Successful,3/12/2014,,RC-77894,,,3608360186,"$3,000 ",$0.00 ,$32.80 ,Enterprise,0
File Cabinet,81016,HEALTH,3/12/2014,$52.00 ,$1.20 ,0.23,$11.96 ,$11.96 ,Successful,3/13/2014,,78059,,,3608445510,"$3,000 ",$0.00 ,$40.04 ,General Fund,0
File Cabinet,81017,HEALTH,3/12/2014,$16.02 ,$0.37 ,0.23,$3.68 ,$3.68 ,Successful,3/12/2014,,78061,,,3608366262,"$3,000 ",$0.00 ,$12.33 ,General Fund,0
File Cabinet,81018,HEALTH,3/12/2014,$25.01 ,$0.58 ,0.23,$5.75 ,$5.75 ,Successful,3/12/2014,,77710,,,3608367082,"$3,000 ",$0.00 ,$19.25 ,General Fund,0
Buddy Products Magazine Rack,81019,HEALTH,3/12/2014,$23.00 ,$0.00 ,0.23,$5.29 ,$5.29 ,Successful,3/13/2014,,77711,,,Cashiers Check,"$3,000 ",$0.00 ,$17.71 ,General Fund,0
Lateral File Cabinet,81021,HEALTH,3/12/2014,$52.00 ,$1.20 ,0.23,$11.96 ,$11.96 ,Successful,3/12/2014,,77712,,,3608365593,"$3,000 ",$0.00 ,$40.04 ,General Fund,0
5 Office Chairs,81023,HEALTH,3/12/2014,$52.00 ,$1.20 ,0.23,$11.96 ,$11.96 ,Successful,3/13/2014,,"77682, 77683, 77684, 77687, 77690",,,3608463256,"$3,000 ",$0.00 ,$40.04 ,General Fund,0
2 Chairs,81024,HEALTH,3/12/2014,$12.00 ,$0.28 ,0.23,$2.76 ,$2.76 ,Successful,3/31/2014,,"77691, 77695",,,3609947901,"$3,000 ",$0.00 ,$9.24 ,General Fund,0
3 Office Chairs,81025,HEALTH,3/12/2014,$10.28 ,$0.24 ,0.23,$2.36 ,$2.36 ,Successful,4/17/2014,,"77685, 77688, 77693",,,3611629949,"$3,000 ",$0.00 ,$7.91 ,General Fund,0
Haworth Office Chair,81026,HEALTH,3/12/2014,$30.01 ,$0.69 ,0.23,$6.90 ,$6.90 ,Successful,3/12/2014,,77686,,,3608424432,"$3,000 ",$0.00 ,$23.10 ,General Fund,0
Work Bench,81027,HEALTH,3/12/2014,$130.00 ,$2.99 ,0.23,$29.90 ,$29.90 ,Successful,3/16/2014,,77898,,,3608700204,"$3,000 ",$0.00 ,$100.10 ,General Fund,0
Corona Tree Pruner,81028,HEALTH,3/12/2014,$30.00 ,$0.69 ,0.23,$6.90 ,$6.90 ,Successful,4/8/2014,,77900,,,3610766525,"$3,000 ",$0.00 ,$23.10 ,General Fund,0
Dell Laptop,81030,ITS,3/13/2014,$23.69 ,$0.54 ,0.23,$5.44 ,$5.44 ,Successful,3/17/2014,,75970,,,3608772101,"$3,000 ",$0.00 ,$18.24 ,General Fund,0
Dell Laptop,81031,ITS,3/13/2014,$125.00 ,$0.00 ,0.23,$28.75 ,$28.75 ,Successful,3/13/2014,,75988,,,Cashiers Check,"$3,000 ",$0.00 ,$96.25 ,General Fund,0
Dell Laptop,81032,ITS,3/13/2014,$68.00 ,$1.56 ,0.23,$15.64 ,$15.64 ,Successful,3/13/2014,,75979,,,3608471637,"$3,000 ",$0.00 ,$52.36 ,General Fund,0
Dell Laptop,81033,ITS,3/13/2014,$42.00 ,$0.97 ,0.23,$9.66 ,$9.66 ,Successful,3/13/2014,,75977,,,3608471659,"$3,000 ",$0.00 ,$32.34 ,General Fund,0
2 Dell PC's,81034,ITS,3/13/2014,$32.00 ,$0.74 ,0.23,$7.36 ,$7.36 ,Successful,3/13/2014,,"76006, 76019",,,3608453162,"$3,000 ",$0.00 ,$24.64 ,General Fund,0
9 Flat Screen Monitors,81035,STATE TRIAL COURT,3/13/2014,$47.00 ,$0.00 ,0.23,$10.81 ,$10.81 ,Successful,3/13/2014,,"78088, 78093, 78094, 78095, 78096, 78097, 78098, 78099, 78101",,,Cashiers Check,"$3,000 ",$0.00 ,$36.19 ,General Fund,0
Draper Easel,81037,NASHVILLE CONVENTION CTR,3/13/2014,$14.00 ,$0.32 ,0.23,$3.22 ,$3.22 ,Successful,4/3/2014,,NCC-76430,,,3610296494,"$3,000 ",$0.00 ,$10.78 ,Enterprise,0
GF File Cabinet,81038,PUBLIC LIBRARY,3/13/2014,$11.02 ,$0.25 ,0.23,$2.53 ,$2.53 ,Successful,3/13/2014,,77720,,,3608473240,"$3,000 ",$0.00 ,$8.48 ,General Fund,0
Dell Laptop,81041,HEALTH,3/13/2014,$68.00 ,$1.56 ,0.23,$15.64 ,$15.64 ,Successful,3/13/2014,,71012,,,3608459558,"$3,000 ",$0.00 ,$52.36 ,General Fund,0
Office Chair,81042,HEALTH,3/13/2014,$2.00 ,$0.05 ,0.23,$0.46 ,$0.46 ,Successful,3/13/2014,,78067,,,3608460434,"$3,000 ",$0.00 ,$1.54 ,General Fund,0
Chair,81043,HEALTH,3/13/2014,$2.00 ,$0.05 ,0.23,$0.46 ,$0.46 ,Successful,3/13/2014,,78065,,,3608460696,"$3,000 ",$0.00 ,$1.54 ,General Fund,0
Chair,81044,HEALTH,3/13/2014,$1.00 ,$0.02 ,0.23,$0.23 ,$0.23 ,Successful,3/31/2014,,78066,,,3609947933,"$3,000 ",$0.00 ,$0.77 ,General Fund,0
Wooden Book Shelf,81045,HEALTH,3/13/2014,$23.00 ,$0.53 ,0.23,$5.29 ,$5.29 ,Successful,3/17/2014,,78063,,,3608767131,"$3,000 ",$0.00 ,$17.71 ,General Fund,0
Wooden Book Shelf,81046,HEALTH,3/13/2014,$16.88 ,$0.39 ,0.23,$3.88 ,$3.88 ,Successful,3/31/2014,,78062,,,3609944159,"$3,000 ",$0.00 ,$12.99 ,General Fund,0
Canon Fax Machine,81047,HEALTH,3/13/2014,$32.01 ,$0.74 ,0.23,$7.36 ,$7.36 ,Successful,3/13/2014,,78068,,,3608473826,"$3,000 ",$0.00 ,$24.64 ,General Fund,0
Sand Table,81057,METRO ACTION,3/12/2014,$21.00 ,$0.48 ,0.23,$4.83 ,$4.83 ,Successful,3/13/2014,,MAC-73723,,,3608479276,"$3,000 ",$0.00 ,$16.17 ,Enterprise,0
2 AV Carts,81058,SCHOOL BOARD WAREHOUSE,3/12/2014,$26.00 ,$0.60 ,0.23,$5.98 ,$5.98 ,Successful,3/12/2014,,SBS-6167B,,,3608377101,"$3,000 ",$0.00 ,$20.02 ,Enterprise,0
Booth,81059,NASHVILLE CONVENTION CTR,3/12/2014,$31.00 ,$0.71 ,0.23,$7.13 ,$7.13 ,Successful,3/17/2014,,NCC-75738,,,3608766304,"$3,000 ",$0.00 ,$23.87 ,Enterprise,0
7 Wall Cabinets,81060,HEALTH,3/13/2014,$320.00 ,$7.36 ,0.23,$73.60 ,$73.60 ,Successful,3/13/2014,,"78072, 78073, 78074, 78075, 78076, 78077, 78078",,,3608466336,"$3,000 ",$0.00 ,$246.40 ,General Fund,0
Buffet Table w/Warmers,81061,BRIDGESTONE ARENA,3/13/2014,$100.00 ,$2.30 ,0.23,$23.00 ,$23.00 ,Successful,4/3/2014,,BA-78212,,,3610296500,"$3,000 ",$0.00 ,$77.00 ,Enterprise,0
Buffet Table w/Warmers,81062,BRIDGESTONE ARENA,3/13/2014,$57.00 ,$1.31 ,0.23,$13.11 ,$13.11 ,Successful,4/3/2014,,BA-78211,,,3610296673,"$3,000 ",$0.00 ,$43.89 ,Enterprise,0
Buffet Table w/Warmers,81063,BRIDGESTONE ARENA,3/13/2014,$34.00 ,$0.78 ,0.23,$7.82 ,$7.82 ,Successful,3/17/2014,,BA-78210,,,3608766330,"$3,000 ",$0.00 ,$26.18 ,Enterprise,0
Epson Stylus Pro 10000,81064,PARKS,3/13/2014,$107.56 ,$2.47 ,0.23,$24.73 ,$24.73 ,Successful,4/1/2014,,78225,,,3610085157,"$3,000 ",$0.00 ,$82.82 ,General Fund,0
2003 Ford E-350,81082,SCHOOL BOARD,3/13/2014,"$2,225.00 ",$51.18 ,0.23,$511.75 ,$511.75 ,Successful,3/17/2014,228605,,M-102,,3608724208,"$3,000 ",$0.00 ,"$1,713.25 ",Enterprise,0
2003 Ford E-350,81084,SCHOOL BOARD,3/13/2014,"$3,950.00 ",$0.00 ,0.23,$908.50 ,$908.50 ,Successful,3/13/2014,228608,,M-704,,Cashiers Check,"$3,000 ",$0.00 ,"$3,041.50 ",Enterprise,0
"Dell 19"" Flatscreen Monitor",81091,ECD COMMUNICATIONS,3/17/2014,$21.00 ,$0.48 ,0.23,$4.83 ,$4.83 ,Successful,3/19/2014,,ECD-76083,,,3608953926,"$3,000 ",$0.00 ,$16.17 ,Enterprise,0
"Dell 19"" Flatscreen Monitor",81093,ECD COMMUNICATIONS,3/17/2014,$23.00 ,$0.53 ,0.23,$5.29 ,$5.29 ,Successful,3/31/2014,,ECD-76080,,,3610024687,"$3,000 ",$0.00 ,$17.71 ,Enterprise,0
"Dell 19"" Flatscreen Monitor",81094,ECD COMMUNICATIONS,3/17/2014,$27.00 ,$0.62 ,0.23,$6.21 ,$6.21 ,Successful,3/18/2014,,ECD-76086,,,3608811193,"$3,000 ",$0.00 ,$20.79 ,Enterprise,0
"Dell 17"" Flatscreen Monitor",81095,ECD COMMUNICATIONS,3/17/2014,$12.69 ,$0.29 ,0.23,$2.91 ,$2.91 ,Successful,3/18/2014,,ECD-76090,,,3608811196,"$3,000 ",$0.00 ,$9.77 ,Enterprise,0
"Dell 19"" Flatscreen Monitor",81096,ECD COMMUNICATIONS,3/17/2014,$29.00 ,$0.67 ,0.23,$6.67 ,$6.67 ,Successful,3/31/2014,,ECD-76091,,,3610024706,"$3,000 ",$0.00 ,$22.33 ,Enterprise,0
Dell Optiplex GX620,81097,ECD COMMUNICATIONS,3/17/2014,$11.00 ,$0.25 ,0.23,$2.53 ,$2.53 ,Successful,3/18/2014,,ECD-76077,,,3608811198,"$3,000 ",$0.00 ,$8.47 ,Enterprise,0
Dell Poweredge 2850 Server,81098,ECD COMMUNICATIONS,3/17/2014,$4.50 ,$0.10 ,0.23,$1.03 ,$1.03 ,Successful,3/20/2014,,ECD-76076,,,3609070488,"$3,000 ",$0.00 ,$3.46 ,Enterprise,0
PC Accessories,81099,ECD COMMUNICATIONS,3/17/2014,$70.88 ,$0.00 ,0.23,$16.30 ,$16.30 ,Successful,4/3/2014,,ECD-76094,,,Cashiers Check,"$3,000 ",$0.00 ,$54.57 ,Enterprise,0
Buffet Table w/ Warmers,81101,BRIDGESTONE ARENA,3/17/2014,$14.00 ,$0.32 ,0.23,$3.22 ,$3.22 ,Successful,3/20/2014,,BA-78213,,,3609083896,"$3,000 ",$0.00 ,$10.78 ,Enterprise,0
Buffet Table,81102,BRIDGESTONE ARENA,3/17/2014,$50.00 ,$1.15 ,0.23,$11.50 ,$11.50 ,Successful,4/10/2014,,BA-78198,,,3611028977,"$3,000 ",$0.00 ,$38.50 ,Enterprise,0
Buffet Table,81103,BRIDGESTONE ARENA,3/17/2014,$62.00 ,$1.43 ,0.23,$14.26 ,$14.26 ,Successful,4/10/2014,,BA-78193,,,3611030041,"$3,000 ",$0.00 ,$47.74 ,Enterprise,0
Round Table,81104,SCHOOL BOARD WAREHOUSE,3/18/2014,$12.01 ,$0.28 ,0.23,$2.76 ,$2.76 ,Successful,3/19/2014,,SBS-6297E,,,3608975247,"$3,000 ",$0.00 ,$9.24 ,Enterprise,0
Round Table,81106,SCHOOL BOARD WAREHOUSE,3/18/2014,$12.00 ,$0.28 ,0.23,$2.76 ,$2.76 ,Successful,3/19/2014,,SBS-6297F,,,3608975265,"$3,000 ",$0.00 ,$9.24 ,Enterprise,0
Round Table,81107,SCHOOL BOARD WAREHOUSE,3/18/2014,$12.02 ,$0.28 ,0.23,$2.76 ,$2.76 ,Successful,3/19/2014,,SBS-6297G,,,3608975305,"$3,000 ",$0.00 ,$9.25 ,Enterprise,0
Round Table,81109,SCHOOL BOARD WAREHOUSE,3/18/2014,$13.00 ,$0.30 ,0.23,$2.99 ,$2.99 ,Successful,3/19/2014,,SBS-6297H,,,3608975320,"$3,000 ",$0.00 ,$10.01 ,Enterprise,0
Round Table,81110,SCHOOL BOARD WAREHOUSE,3/18/2014,$7.01 ,$0.00 ,0.23,$1.61 ,$1.61 ,Successful,4/3/2014,,SBS-6297I,,,Cashiers Check,"$3,000 ",$0.00 ,$5.39 ,Enterprise,0
Werner Extension Ladder,81117,HEALTH,3/18/2014,$105.01 ,$0.00 ,0.23,$24.15 ,$24.15 ,Successful,3/24/2014,,78481,,,Money Order,"$3,000 ",$0.00 ,$80.85 ,General Fund,0
Haworth Office Chair,81118,JIS,3/18/2014,$27.76 ,$0.64 ,0.23,$6.38 ,$6.38 ,Successful,3/24/2014,,78138,,,3609326881,"$3,000 ",$0.00 ,$21.37 ,General Fund,0
Nike Air Torque Shark Cleats,81119,SCHOOL BOARD WAREHOUSE,3/18/2014,$10.00 ,$0.23 ,0.23,$2.30 ,$2.30 ,Successful,3/18/2014,,SBS-6301A,,,3608866008,"$3,000 ",$0.00 ,$7.70 ,Enterprise,0
Nike Zoom Flyposite TD Cleats,81120,SCHOOL BOARD WAREHOUSE,3/18/2014,$25.00 ,$0.58 ,0.23,$5.75 ,$5.75 ,Successful,3/24/2014,,SBS-6301B,,,3609346605,"$3,000 ",$0.00 ,$19.25 ,Enterprise,0
Nike Air Zoom Alpha Talon Cleats,81121,SCHOOL BOARD WAREHOUSE,3/18/2014,$10.01 ,$0.23 ,0.23,$2.30 ,$2.30 ,Successful,3/19/2014,,SBS-6301C,,,3608932558,"$3,000 ",$0.00 ,$7.70 ,Enterprise,0
2 Peavey Amps,81122,SCHOOL BOARD WAREHOUSE,3/18/2014,$155.00 ,$3.56 ,0.23,$35.65 ,$35.65 ,Successful,3/20/2014,,SBS-6302A,,,3609085800,"$3,000 ",$0.00 ,$119.35 ,Enterprise,0
Koss Headphones,81123,SCHOOL BOARD WAREHOUSE,3/18/2014,$25.69 ,$0.00 ,0.23,$5.90 ,$5.90 ,Successful,3/24/2014,,SBS-6302D,,,Money Order,"$3,000 ",$0.00 ,$19.78 ,Enterprise,0
Suzuki Keyboard w/Stand,81124,SCHOOL BOARD WAREHOUSE,3/18/2014,$47.00 ,$0.00 ,0.23,$10.81 ,$10.81 ,Successful,3/31/2014,,SBS-6302B,,,Money Order,"$3,000 ",$0.00 ,$36.19 ,Enterprise,0
Suzuki Keyboard w/Stand,81125,SCHOOL BOARD WAREHOUSE,3/18/2014,$41.00 ,$0.00 ,0.23,$9.43 ,$9.43 ,Successful,3/31/2014,,SBS-6302C,,,Money Order,"$3,000 ",$0.00 ,$31.57 ,Enterprise,0
Yamaha Keyboard,81126,SCHOOL BOARD WAREHOUSE,3/18/2014,$27.00 ,$0.62 ,0.23,$6.21 ,$6.21 ,Successful,3/20/2014,,SBS-6302E,,,3609085842,"$3,000 ",$0.00 ,$20.79 ,Enterprise,0
Yamaha Keyboard,81127,SCHOOL BOARD WAREHOUSE,3/18/2014,$32.00 ,$0.00 ,0.23,$7.36 ,$7.36 ,Successful,3/24/2014,,SBS-6302F,,,Money Order,"$3,000 ",$0.00 ,$24.64 ,Enterprise,0
Yamaha Keyboard,81128,SCHOOL BOARD WAREHOUSE,3/18/2014,$14.00 ,$0.32 ,0.23,$3.22 ,$3.22 ,Successful,3/19/2014,,SBS-6302G,,,3608958261,"$3,000 ",$0.00 ,$10.78 ,Enterprise,0
Yamaha Keyboard,81129,SCHOOL BOARD WAREHOUSE,3/18/2014,$42.36 ,$0.97 ,0.23,$9.74 ,$9.74 ,Successful,3/20/2014,,SBS-6302H,,,3609085909,"$3,000 ",$0.00 ,$32.61 ,Enterprise,0
Yamaha Keyboard,81130,SCHOOL BOARD WAREHOUSE,3/18/2014,$42.00 ,$0.97 ,0.23,$9.66 ,$9.66 ,Successful,3/24/2014,,SBS-6302I,,,3609328296,"$3,000 ",$0.00 ,$32.34 ,Enterprise,0
Yamaha Keyboard,81131,SCHOOL BOARD WAREHOUSE,3/18/2014,$73.00 ,$1.68 ,0.23,$16.79 ,$16.79 ,Successful,3/27/2014,,SBS-6302J,,,3609627039,"$3,000 ",$0.00 ,$56.21 ,Enterprise,0
Poster Board,81132,SCHOOL BOARD WAREHOUSE,3/18/2014,$29.00 ,$0.67 ,0.23,$6.67 ,$6.67 ,Successful,3/19/2014,,SBS-5643Q,,,3608925597,"$3,000 ",$0.00 ,$22.33 ,Enterprise,0
Poster Board,81133,SCHOOL BOARD WAREHOUSE,3/18/2014,$41.00 ,$0.94 ,0.23,$9.43 ,$9.43 ,Successful,3/19/2014,,SBS-5643R,,,3608925611,"$3,000 ",$0.00 ,$31.57 ,Enterprise,0
DeWalt Miter Saw Stand,81136,HEALTH,3/19/2014,$74.00 ,$1.70 ,0.23,$17.02 ,$17.02 ,Successful,3/19/2014,,77899,,,3608956207,"$3,000 ",$0.00 ,$56.98 ,General Fund,0
Computer Table,81137,METRO ACTION,3/19/2014,$16.01 ,$0.37 ,0.23,$3.68 ,$3.68 ,Successful,3/19/2014,,MAC-74123,,,3608956798,"$3,000 ",$0.00 ,$12.32 ,Enterprise,0
31 Safe Guard Child Restraints,81138,METRO ACTION,3/19/2014,$3.50 ,$0.08 ,0.23,$0.80 ,$0.80 ,Successful,3/20/2014,,MAC-74030,,,3609070200,"$3,000 ",$0.00 ,$2.69 ,Enterprise,0
Weight Machine,81139,SURPLUS WAREHOUSE,3/19/2014,$4.00 ,$0.09 ,0.23,$0.92 ,$0.92 ,Successful,3/19/2014,,78478,,,3608984252,"$3,000 ",$0.00 ,$3.08 ,General Fund,0
Picture Frame,81140,SURPLUS WAREHOUSE,3/19/2014,$3.00 ,$0.07 ,0.23,$0.69 ,$0.69 ,Successful,3/19/2014,,78479,,,3608963180,"$3,000 ",$0.00 ,$2.31 ,General Fund,0
Computer Desk,81141,COMMUNITY EDUCATION,3/19/2014,$1.00 ,$0.02 ,0.23,$0.23 ,$0.23 ,Successful,3/19/2014,,76315,,,3608956815,"$3,000 ",$0.00 ,$0.77 ,General Fund,0
"Dell 19"" Flat Screen Monitor",81150,ECD COMMUNICATIONS,3/19/2014,$12.00 ,$0.00 ,0.23,$2.76 ,$2.76 ,Successful,4/1/2014,,ECD-76078,,,Cashiers Check,"$3,000 ",$0.00 ,$9.24 ,Enterprise,0
"Dell 19"" Flat Screen Monitor",81151,ECD COMMUNICATIONS,3/19/2014,$13.00 ,$0.00 ,0.23,$2.99 ,$2.99 ,Successful,4/1/2014,,ECD-76085,,,Cashiers Check,"$3,000 ",$0.00 ,$10.01 ,Enterprise,0
"Dell 19"" Flat Screen Monitor",81152,ECD COMMUNICATIONS,3/19/2014,$16.01 ,$0.00 ,0.23,$3.68 ,$3.68 ,Successful,4/1/2014,,ECD-76082,,,Cashiers Check,"$3,000 ",$0.00 ,$12.32 ,Enterprise,0
"Dell 19"" Flat Screen Monitor",81153,ECD COMMUNICATIONS,3/19/2014,$12.00 ,$0.28 ,0.23,$2.76 ,$2.76 ,Successful,3/19/2014,,ECD-76089,,,3608951258,"$3,000 ",$0.00 ,$9.24 ,Enterprise,0
"Dell 19"" Flat Screen Monitor",81154,ECD COMMUNICATIONS,3/19/2014,$28.51 ,$0.66 ,0.23,$6.55 ,$6.55 ,Successful,3/24/2014,,ECD-76087,,,3609412377,"$3,000 ",$0.00 ,$21.95 ,Enterprise,0
"Dell 19"" Flat Screen Monitor",81155,ECD COMMUNICATIONS,3/19/2014,$13.69 ,$0.31 ,0.23,$3.14 ,$3.14 ,Successful,3/24/2014,,ECD-76079,,,3609349594,"$3,000 ",$0.00 ,$10.54 ,Enterprise,0
Nike Cleats,81156,SCHOOL BOARD WAREHOUSE,3/18/2014,$7.00 ,$0.16 ,0.23,$1.61 ,$1.61 ,Successful,3/19/2014,,SBS-6301D,,,3608932582,"$3,000 ",$0.00 ,$5.39 ,Enterprise,0
Nike Cleats,81157,SCHOOL BOARD WAREHOUSE,3/18/2014,$8.00 ,$0.18 ,0.23,$1.84 ,$1.84 ,Successful,3/27/2014,,SBS-6301E,,,3609651049,"$3,000 ",$0.00 ,$6.16 ,Enterprise,0
Nike Cleats,81158,SCHOOL BOARD WAREHOUSE,3/18/2014,$21.00 ,$0.48 ,0.23,$4.83 ,$4.83 ,Successful,3/24/2014,,SBS-6301F,,,3609346773,"$3,000 ",$0.00 ,$16.17 ,Enterprise,0
Washer & Dryer,81179,SCHOOL BOARD WAREHOUSE,3/20/2014,$38.69 ,$0.89 ,0.23,$8.89 ,$8.89 ,Successful,3/24/2014,,SBS-6220,,,3609312516,"$3,000 ",$0.00 ,$29.79 ,Enterprise,0
Table w/4 Chairs,81180,WATER SERVICES,3/20/2014,$29.80 ,$0.69 ,0.23,$6.85 ,$6.85 ,Successful,3/31/2014,,"WS-74763, WS-74758, WS-74762, WS-74748, WS-74749",,,3609944218,"$3,000 ",$0.00 ,$22.94 ,Enterprise,0
Frigidaire Freezer,81181,TENNESSEE STATE FAIR,3/20/2014,$47.00 ,$1.08 ,0.23,$10.81 ,$10.81 ,Successful,4/15/2014,,SF-76759,,,3611415757,"$3,000 ",$0.00 ,$36.19 ,Enterprise,0
20 Dell Computers,81183,WATER SERVICES,3/20/2014,$343.00 ,$7.89 ,0.23,$78.89 ,$78.89 ,Successful,3/24/2014,,"WS-78008, WS-78013, WS-78012, WS-77995, WS-77994, WS-78003, WS-77998, WS-78002, WS-78004, WS-77996, WS-77999, WS-78011, WS-78007, WS-78010, WS-78016, WS-78023, WS-78018, WS-78019, WS-78020, WS-78021",,,3609349617,"$3,000 ",$0.00 ,$264.11 ,Enterprise,0
13 Dell Computers,81184,WATER SERVICES,3/20/2014,$180.00 ,$4.14 ,0.23,$41.40 ,$41.40 ,Successful,3/20/2014,,"WS-77993, WS-78017, WS-78006, WS-78022, WS-78025, WS-78024, WS-78000, WS-78014, WS-78009, WS-78015, WS-78005, WS-77997, WS-78001",,,3609046420,"$3,000 ",$0.00 ,$138.60 ,Enterprise,0
Dell Laptop,81185,WATER SERVICES,3/20/2014,$85.00 ,$1.96 ,0.23,$19.55 ,$19.55 ,Successful,3/24/2014,,WS-77987,,,3609373098,"$3,000 ",$0.00 ,$65.45 ,Enterprise,0
Dell Laptop,81186,WATER SERVICES,3/20/2014,$52.00 ,$1.20 ,0.23,$11.96 ,$11.96 ,Successful,3/27/2014,,WS-77985,,,3609664704,"$3,000 ",$0.00 ,$40.04 ,Enterprise,0
Dell Laptop,81187,WATER SERVICES,3/20/2014,$79.07 ,$1.82 ,0.23,$18.18 ,$18.18 ,Successful,3/24/2014,,WS-77983,,,3609373120,"$3,000 ",$0.00 ,$60.88 ,Enterprise,0
Dell Laptop,81188,WATER SERVICES,3/20/2014,$64.08 ,$1.47 ,0.23,$14.73 ,$14.73 ,Successful,3/20/2014,,WS-77989,,,3609082866,"$3,000 ",$0.00 ,$49.34 ,Enterprise,0
Dell Laptop,81189,WATER SERVICES,3/20/2014,$68.00 ,$1.56 ,0.23,$15.64 ,$15.64 ,Successful,3/31/2014,,WS-77991,,,3610024744,"$3,000 ",$0.00 ,$52.36 ,Enterprise,0
Dell Laptop,81190,WATER SERVICES,3/20/2014,$47.00 ,$1.08 ,0.23,$10.81 ,$10.81 ,Successful,3/25/2014,,WS-77990,,,3609514040,"$3,000 ",$0.00 ,$36.19 ,Enterprise,0
Dell Server,81191,ITS,3/20/2014,$23.00 ,$0.53 ,0.23,$5.29 ,$5.29 ,Successful,3/20/2014,,78159,,,3609070514,"$3,000 ",$0.00 ,$17.71 ,General Fund,0
Dell Server,81192,ITS,3/20/2014,$49.69 ,$1.14 ,0.23,$11.42 ,$11.42 ,Successful,3/20/2014,,78158,,,3609070550,"$3,000 ",$0.00 ,$38.26 ,General Fund,0
3 Satellite Coffee Servers,81193,TENNESSEE STATE FAIR,3/20/2014,$22.56 ,$0.52 ,0.23,$5.18 ,$5.18 ,Successful,3/20/2014,,"SF-76512, SF-76513, SF-76528",,,3609083926,"$3,000 ",$0.00 ,$17.37 ,Enterprise,0
2 Satellite Coffee Servers,81194,TENNESSEE STATE FAIR,3/20/2014,$16.00 ,$0.37 ,0.23,$3.68 ,$3.68 ,Successful,3/26/2014,,"SF-76511, SF-76527",,,3609557954,"$3,000 ",$0.00 ,$12.32 ,Enterprise,0
4 Cash Drawers,81195,TENNESSEE STATE FAIR,3/20/2014,$8.80 ,$0.20 ,0.23,$2.02 ,$2.02 ,Successful,3/20/2014,,SF-76508,,,3609077933,"$3,000 ",$0.00 ,$6.77 ,Enterprise,0
Coffee Hot Plate,81196,TENNESSEE STATE FAIR,3/20/2014,$13.55 ,$0.31 ,0.23,$3.11 ,$3.11 ,Successful,3/20/2014,,SF-76525,,,3609084000,"$3,000 ",$0.00 ,$10.43 ,Enterprise,0
Magic Chef Microwave,81197,TENNESSEE STATE FAIR,3/20/2014,$6.00 ,$0.00 ,0.23,$1.38 ,$1.38 ,Successful,3/27/2014,,SF-76515,,,Money Order,"$3,000 ",$0.00 ,$4.62 ,Enterprise,0
Coffee Machine,81198,TENNESSEE STATE FAIR,3/20/2014,$101.00 ,$2.32 ,0.23,$23.23 ,$23.23 ,Successful,3/20/2014,,SF-76521,,,3609059049,"$3,000 ",$0.00 ,$77.77 ,Enterprise,0
Coffee Machine,81199,TENNESSEE STATE FAIR,3/20/2014,$101.00 ,$2.32 ,0.23,$23.23 ,$23.23 ,Successful,3/21/2014,,SF-76522,,,3609134214,"$3,000 ",$0.00 ,$77.77 ,Enterprise,0
Coffee Machine,81200,TENNESSEE STATE FAIR,3/20/2014,$47.55 ,$1.09 ,0.23,$10.93 ,$10.93 ,Successful,4/10/2014,,SF-76524,,,3611030108,"$3,000 ",$0.00 ,$36.61 ,Enterprise,0
Cash Register,81201,TENNESSEE STATE FAIR,3/20/2014,$21.00 ,$0.48 ,0.23,$4.83 ,$4.83 ,Successful,3/20/2014,,SF-76495,,,3609070577,"$3,000 ",$0.00 ,$16.17 ,Enterprise,0
Nike Cleats,81202,SCHOOL BOARD WAREHOUSE,3/20/2014,$17.00 ,$0.39 ,0.23,$3.91 ,$3.91 ,Successful,4/15/2014,,SBS-6301G,,,3611432159,"$3,000 ",$0.00 ,$13.09 ,Enterprise,0
Nike Cleats,81203,SCHOOL BOARD WAREHOUSE,3/20/2014,$17.00 ,$0.39 ,0.23,$3.91 ,$3.91 ,Successful,4/15/2014,,SBS-6301H,,,3611432184,"$3,000 ",$0.00 ,$13.09 ,Enterprise,0
Nike Cleats,81204,SCHOOL BOARD WAREHOUSE,3/20/2014,$17.00 ,$0.39 ,0.23,$3.91 ,$3.91 ,Successful,4/15/2014,,SBS-6301I,,,3611432209,"$3,000 ",$0.00 ,$13.09 ,Enterprise,0
Reebok Cleats,81205,SCHOOL BOARD WAREHOUSE,3/20/2014,$14.07 ,$0.32 ,0.23,$3.23 ,$3.23 ,Successful,4/2/2014,,SBS-6301J,,,3610194383,"$3,000 ",$0.00 ,$10.83 ,Enterprise,0
Beverage-Air Milk Cooler,81206,SCHOOL BOARD WAREHOUSE,3/20/2014,$44.00 ,$1.01 ,0.23,$10.12 ,$10.12 ,Successful,3/25/2014,,SBS-6306,,,3609464089,"$3,000 ",$0.00 ,$33.88 ,Enterprise,0
Poster Board,81207,SCHOOL BOARD WAREHOUSE,3/20/2014,$89.00 ,$0.00 ,0.23,$20.47 ,$20.47 ,Successful,3/20/2014,,SBS-5643S,,,3609083209,"$3,000 ",$0.00 ,$68.53 ,Enterprise,0
Poster Board,81208,SCHOOL BOARD WAREHOUSE,3/20/2014,$100.56 ,$2.31 ,0.23,$23.12 ,$23.12 ,Successful,3/25/2014,,SBS-5643T,,,3609511565,"$3,000 ",$0.00 ,$77.43 ,Enterprise,0
Dell Laptop,81209,ITS,3/24/2014,$127.01 ,$2.92 ,0.23,$29.21 ,$29.21 ,Successful,3/24/2014,,77445,,,3609342817,"$3,000 ",$0.00 ,$97.79 ,General Fund,0
Dell Laptop,81212,ITS,3/24/2014,$117.00 ,$2.69 ,0.23,$26.91 ,$26.91 ,Successful,4/1/2014,,77450,,,3610137274,"$3,000 ",$0.00 ,$90.09 ,General Fund,0
Dell Laptop,81213,ITS,3/24/2014,$120.00 ,$2.76 ,0.23,$27.60 ,$27.60 ,Successful,4/7/2014,,77453,,,3610602293,"$3,000 ",$0.00 ,$92.40 ,General Fund,0
Dell Laptop,81214,ITS,3/24/2014,$120.10 ,$0.00 ,0.23,$27.62 ,$27.62 ,Successful,4/1/2014,,77456,,,Cashiers Check,"$3,000 ",$0.00 ,$92.47 ,General Fund,0
Dell Laptop,81215,ITS,3/24/2014,$120.00 ,$0.00 ,0.23,$27.60 ,$27.60 ,Successful,4/1/2014,,77464,,,Cashiers Check,"$3,000 ",$0.00 ,$92.40 ,General Fund,0
Dell Laptop,81216,ITS,3/24/2014,$120.11 ,$2.76 ,0.23,$27.62 ,$27.62 ,Successful,3/24/2014,,77454,,,3609372023,"$3,000 ",$0.00 ,$92.48 ,General Fund,0
Dell Laptop,81217,ITS,3/24/2014,$125.00 ,$2.88 ,0.23,$28.75 ,$28.75 ,Successful,4/7/2014,,77452,,,3610602296,"$3,000 ",$0.00 ,$96.25 ,General Fund,0
Dell Laptop,81218,ITS,3/24/2014,$175.00 ,$4.02 ,0.23,$40.25 ,$40.25 ,Successful,3/24/2014,,77471,,,3609343716,"$3,000 ",$0.00 ,$134.75 ,General Fund,0
Dell Computer,81219,ITS,3/24/2014,$50.50 ,$0.00 ,0.23,$11.61 ,$11.61 ,Successful,4/1/2014,,77433,,,Cashiers Check,"$3,000 ",$0.00 ,$38.88 ,General Fund,0
Dell Computer,81220,ITS,3/24/2014,$60.01 ,$1.38 ,0.23,$13.80 ,$13.80 ,Successful,3/24/2014,,77423,,,3609372056,"$3,000 ",$0.00 ,$46.20 ,General Fund,0
Dell Computer,81221,ITS,3/24/2014,$60.00 ,$0.00 ,0.23,$13.80 ,$13.80 ,Successful,4/1/2014,,77427,,,Cashiers Check,"$3,000 ",$0.00 ,$46.20 ,General Fund,0
Dell Computer,81222,ITS,3/24/2014,$54.05 ,$0.00 ,0.23,$12.43 ,$12.43 ,Successful,4/1/2014,,77437,,,Cashiers Check,"$3,000 ",$0.00 ,$41.61 ,General Fund,0
Dell Computer,81223,ITS,3/24/2014,$54.10 ,$0.00 ,0.23,$12.44 ,$12.44 ,Successful,4/1/2014,,77416,,,Cashiers Check,"$3,000 ",$0.00 ,$41.65 ,General Fund,0
Dell Computer,81224,ITS,3/24/2014,$62.00 ,$1.43 ,0.23,$14.26 ,$14.26 ,Successful,3/25/2014,,77419,,,3609479273,"$3,000 ",$0.00 ,$47.74 ,General Fund,0
Dell Computer,81225,ITS,3/24/2014,$62.00 ,$1.43 ,0.23,$14.26 ,$14.26 ,Successful,3/25/2014,,77413,,,3609479289,"$3,000 ",$0.00 ,$47.74 ,General Fund,0
Dell Computer,81226,ITS,3/24/2014,$62.00 ,$1.43 ,0.23,$14.26 ,$14.26 ,Successful,3/25/2014,,77428,,,3609479329,"$3,000 ",$0.00 ,$47.74 ,General Fund,0
Dell Computer,81227,ITS,3/24/2014,$62.00 ,$1.43 ,0.23,$14.26 ,$14.26 ,Successful,3/25/2014,,77420,,,3609479360,"$3,000 ",$0.00 ,$47.74 ,General Fund,0
Dell Computer,81228,ITS,3/24/2014,$60.00 ,$0.00 ,0.23,$13.80 ,$13.80 ,Successful,4/1/2014,,77435,,,Cashiers Check,"$3,000 ",$0.00 ,$46.20 ,General Fund,0
Dell Computer,81229,ITS,3/25/2014,$53.00 ,$1.22 ,0.23,$12.19 ,$12.19 ,Successful,3/25/2014,,77414,,,3609476756,"$3,000 ",$0.00 ,$40.81 ,General Fund,0
Dell Computer,81230,ITS,3/25/2014,$41.00 ,$0.00 ,0.23,$9.43 ,$9.43 ,Successful,4/1/2014,,77415,,,Cashiers Check,"$3,000 ",$0.00 ,$31.57 ,General Fund,0
Dell Computer,81231,ITS,3/25/2014,$49.75 ,$1.14 ,0.23,$11.44 ,$11.44 ,Successful,3/27/2014,,77421,,,3609635319,"$3,000 ",$0.00 ,$38.30 ,General Fund,0
Dell Computer,81232,ITS,3/25/2014,$47.51 ,$1.09 ,0.23,$10.92 ,$10.92 ,Successful,3/27/2014,,77434,,,3609635346,"$3,000 ",$0.00 ,$36.58 ,General Fund,0
Dell Computer,81233,ITS,3/25/2014,$47.51 ,$1.09 ,0.23,$10.92 ,$10.92 ,Successful,3/25/2014,,77430,,,3609501097,"$3,000 ",$0.00 ,$36.58 ,General Fund,0
Dell Computer,81234,ITS,3/25/2014,$39.02 ,$0.90 ,0.23,$8.97 ,$8.97 ,Successful,3/27/2014,,77422,,,3609635365,"$3,000 ",$0.00 ,$30.04 ,General Fund,0
Dell Computer,81235,ITS,3/25/2014,$51.00 ,$1.17 ,0.23,$11.73 ,$11.73 ,Successful,3/25/2014,,77432,,,3609476787,"$3,000 ",$0.00 ,$39.27 ,General Fund,0
Dell Computer,81236,ITS,3/25/2014,$41.05 ,$0.00 ,0.23,$9.44 ,$9.44 ,Successful,4/1/2014,,77418,,,Cashiers Check,"$3,000 ",$0.00 ,$31.60 ,General Fund,0
Dell Computer,81237,ITS,3/25/2014,$49.01 ,$1.13 ,0.23,$11.27 ,$11.27 ,Successful,4/1/2014,,77425,,,3610117157,"$3,000 ",$0.00 ,$37.73 ,General Fund,0
Dell Computer,81238,ITS,3/25/2014,$49.01 ,$1.13 ,0.23,$11.27 ,$11.27 ,Successful,4/1/2014,,77429,,,3610117196,"$3,000 ",$0.00 ,$37.73 ,General Fund,0
Dell Laptop,81239,ITS,3/25/2014,$180.50 ,$4.15 ,0.23,$41.51 ,$41.51 ,Successful,3/25/2014,,77469,,,3609476802,"$3,000 ",$0.00 ,$138.98 ,General Fund,0
Dell Laptop,81240,ITS,3/25/2014,$175.50 ,$4.04 ,0.23,$40.36 ,$40.36 ,Successful,3/27/2014,,77466,,,3609637781,"$3,000 ",$0.00 ,$135.13 ,General Fund,0
Dell Laptop,81241,ITS,3/25/2014,$175.50 ,$0.00 ,0.23,$40.36 ,$40.36 ,Successful,4/1/2014,,77467,,,Cashiers Check,"$3,000 ",$0.00 ,$135.13 ,General Fund,0
Dell Laptop,81242,ITS,3/25/2014,$175.50 ,$0.00 ,0.23,$40.36 ,$40.36 ,Successful,4/1/2014,,77468,,,Cashiers Check,"$3,000 ",$0.00 ,$135.13 ,General Fund,0
Dell Laptop,81243,ITS,3/25/2014,$175.95 ,$4.05 ,0.23,$40.46 ,$40.46 ,Successful,3/27/2014,,77465,,,3609637808,"$3,000 ",$0.00 ,$135.48 ,General Fund,0
5 Dell Computers,81245,ITS,3/25/2014,$221.00 ,$0.00 ,0.23,$50.83 ,$50.83 ,Successful,4/1/2014,,"77417, 77424, 77431, 77426, 77436",,,Cashiers Check,"$3,000 ",$0.00 ,$170.17 ,General Fund,0
12 Chairs,81246,PUBLIC LIBRARY,3/25/2014,$68.15 ,$1.57 ,0.23,$15.67 ,$15.67 ,Successful,3/25/2014,,"78178, 78179, 78180, 78181, 78182, 78183, 78172, 78173, 78174, 78175, 78176, 78177",,,3609467478,"$3,000 ",$0.00 ,$52.47 ,General Fund,0
12 Chairs,81247,PUBLIC LIBRARY,3/25/2014,$68.15 ,$1.57 ,0.23,$15.67 ,$15.67 ,Successful,3/25/2014,,"78184, 78185, 78186, 78187, 78188, 78189, 78166, 78167, 78168, 78169, 78170, 78171",,,3609467500,"$3,000 ",$0.00 ,$52.47 ,General Fund,0
2000 International School Bus,81250,SCHOOL BOARD,3/20/2014,"$1,425.00 ",$0.00 ,0.23,$327.75 ,$327.75 ,Successful,3/31/2014,32035,,00-30,,Money Order,"$3,000 ",$0.00 ,"$1,097.25 ",Enterprise,0
1998 International School Bus,81251,SCHOOL BOARD,3/20/2014,"$1,800.00 ",$0.00 ,0.23,$414.00 ,$414.00 ,Successful,3/20/2014,44027,,97-48,,Cashiers Check,"$3,000 ",$0.00 ,"$1,386.00 ",Enterprise,0
2000 International School Bus,81252,SCHOOL BOARD,3/20/2014,"$1,750.00 ",$0.00 ,0.23,$402.50 ,$402.50 ,Successful,3/20/2014,32022,,00-17,,Cashiers Check,"$3,000 ",$0.00 ,"$1,347.50 ",Enterprise,0
Metal Shelf,81258,HEALTH,3/26/2014,$13.00 ,$0.30 ,0.23,$2.99 ,$2.99 ,Successful,4/3/2014,,78635,,,3610314224,"$3,000 ",$0.00 ,$10.01 ,General Fund,0
Desk,81261,GENERAL SERVICES,3/26/2014,$3.00 ,$0.07 ,0.23,$0.69 ,$0.69 ,Successful,3/27/2014,,72098,,,3609628126,"$3,000 ",$0.00 ,$2.31 ,General Fund,0
Desk,81262,GENERAL SERVICES,3/26/2014,$11.00 ,$0.25 ,0.23,$2.53 ,$2.53 ,Successful,3/28/2014,,72102,,,3609766512,"$3,000 ",$0.00 ,$8.47 ,General Fund,0
Desk w/Return,81263,GENERAL SERVICES,3/26/2014,$103.00 ,$2.37 ,0.23,$23.69 ,$23.69 ,Successful,3/28/2014,,72097,,,3609766531,"$3,000 ",$0.00 ,$79.31 ,General Fund,0
Table,81265,PUBLIC DEFENDER,3/26/2014,$52.00 ,$1.20 ,0.23,$11.96 ,$11.96 ,Successful,3/28/2014,,78521,,,3609766571,"$3,000 ",$0.00 ,$40.04 ,General Fund,0
Deli Case,81266,NASHVILLE CONVENTION CTR,3/26/2014,$256.00 ,$5.89 ,0.23,$58.88 ,$58.88 ,Successful,4/1/2014,,NCC-78501,,,3610077218,"$3,000 ",$0.00 ,$197.12 ,Enterprise,0
Structural Concepts Deli Case,81267,NASHVILLE CONVENTION CTR,3/26/2014,$256.00 ,$5.89 ,0.23,$58.88 ,$58.88 ,Successful,4/1/2014,,NCC-78502,,,3610077235,"$3,000 ",$0.00 ,$197.12 ,Enterprise,0
Hoosier Desk,81268,PARKS,3/26/2014,$16.20 ,$0.37 ,0.23,$3.72 ,$3.72 ,Successful,3/28/2014,,78472,,,3609766605,"$3,000 ",$0.00 ,$12.47 ,General Fund,0
Dell Laptop,81269,JUVENILE COURT,3/26/2014,$27.00 ,$0.62 ,0.23,$6.21 ,$6.21 ,Successful,3/26/2014,,75516,,,3609568402,"$3,000 ",$0.00 ,$20.79 ,General Fund,0
Dell Laptop,81270,JUVENILE COURT,3/26/2014,$37.03 ,$0.85 ,0.23,$8.51 ,$8.51 ,Successful,4/21/2014,,75519,,,3611972579,"$3,000 ",$0.00 ,$28.51 ,General Fund,0
Dell Laptop,81271,JUVENILE COURT,3/26/2014,$36.00 ,$0.83 ,0.23,$8.28 ,$8.28 ,Successful,4/21/2014,,75517,,,3611972608,"$3,000 ",$0.00 ,$27.72 ,General Fund,0
Dell Laptop,81272,JUVENILE COURT,3/26/2014,$47.00 ,$1.08 ,0.23,$10.81 ,$10.81 ,Successful,3/26/2014,,75518,,,3609553167,"$3,000 ",$0.00 ,$36.19 ,General Fund,0
Dell Laptop,81273,JUVENILE COURT,3/26/2014,$14.05 ,$0.32 ,0.23,$3.23 ,$3.23 ,Successful,3/31/2014,,75513,,,3609995470,"$3,000 ",$0.00 ,$10.81 ,General Fund,0
Dell Laptop,81274,JUVENILE COURT,3/26/2014,$12.03 ,$0.28 ,0.23,$2.76 ,$2.76 ,Successful,3/31/2014,,75515,,,3609995731,"$3,000 ",$0.00 ,$9.26 ,General Fund,0
Dell Laptop,81275,JUVENILE COURT,3/26/2014,$15.00 ,$0.34 ,0.23,$3.45 ,$3.45 ,Successful,3/26/2014,,75514,,,3609557258,"$3,000 ",$0.00 ,$11.55 ,General Fund,0
Dell Laptop,81276,ITS,3/26/2014,$27.00 ,$0.62 ,0.23,$6.21 ,$6.21 ,Successful,3/26/2014,,77016,,,3609557275,"$3,000 ",$0.00 ,$20.79 ,General Fund,0
Dell Laptop,81277,ITS,3/26/2014,$29.08 ,$0.67 ,0.23,$6.68 ,$6.68 ,Successful,3/31/2014,,77024,,,3609993707,"$3,000 ",$0.00 ,$22.39 ,General Fund,0
Metal Stool,81278,HEALTH,3/27/2014,$33.50 ,$0.77 ,0.23,$7.70 ,$7.70 ,Successful,3/27/2014,,78493,,,3609642306,"$3,000 ",$0.00 ,$25.79 ,General Fund,0
Telephones,81279,HEALTH,3/27/2014,$6.00 ,$0.14 ,0.23,$1.38 ,$1.38 ,Successful,3/27/2014,,78489,,,3609666550,"$3,000 ",$0.00 ,$4.62 ,General Fund,0
File Cabinet,81280,HEALTH,3/27/2014,$8.00 ,$0.18 ,0.23,$1.84 ,$1.84 ,Successful,3/28/2014,,78485,,,3609766619,"$3,000 ",$0.00 ,$6.16 ,General Fund,0
Paper Cutter,81281,HEALTH,3/27/2014,$21.00 ,$0.48 ,0.23,$4.83 ,$4.83 ,Successful,4/4/2014,,78480,,,3610500034,"$3,000 ",$0.00 ,$16.17 ,General Fund,0
Table,81282,HEALTH,3/27/2014,$4.33 ,$0.10 ,0.23,$0.99 ,$0.99 ,Successful,3/27/2014,,78492,,,3609642997,"$3,000 ",$0.00 ,$3.33 ,General Fund,0
Metal Cart,81283,HEALTH,3/27/2014,$55.55 ,$1.28 ,0.23,$12.77 ,$12.77 ,Successful,3/28/2014,,78488,,,3609766641,"$3,000 ",$0.00 ,$42.77 ,General Fund,0
X-Ray Viewer w/Wheels,81284,HEALTH,3/27/2014,$27.00 ,$0.62 ,0.23,$6.21 ,$6.21 ,Successful,3/30/2014,,78482,,,3609890267,"$3,000 ",$0.00 ,$20.79 ,General Fund,0
Chair,81285,HEALTH,3/27/2014,$23.00 ,$0.53 ,0.23,$5.29 ,$5.29 ,Successful,3/28/2014,,78490,,,3609767057,"$3,000 ",$0.00 ,$17.71 ,General Fund,0
Wooden Cabinet,81286,HEALTH,3/27/2014,$11.00 ,$0.25 ,0.23,$2.53 ,$2.53 ,Successful,4/3/2014,,78483,,,3610312146,"$3,000 ",$0.00 ,$8.47 ,General Fund,0
Metal 4-Drawer File Cabinet,81287,HEALTH,3/27/2014,$15.01 ,$0.35 ,0.23,$3.45 ,$3.45 ,Successful,3/28/2014,,78484,,,3609767082,"$3,000 ",$0.00 ,$11.55 ,General Fund,0
Dell Laptop,81288,ITS,3/27/2014,$75.01 ,$1.73 ,0.23,$17.25 ,$17.25 ,Successful,3/27/2014,,77064,,,3609664721,"$3,000 ",$0.00 ,$57.75 ,General Fund,0
Dell Laptop,81289,ITS,3/27/2014,$88.00 ,$2.02 ,0.23,$20.24 ,$20.24 ,Successful,3/27/2014,,77063,,,3609667785,"$3,000 ",$0.00 ,$67.76 ,General Fund,0
Dell Laptop,81290,ITS,3/27/2014,$78.00 ,$0.00 ,0.23,$17.94 ,$17.94 ,Successful,4/1/2014,,77065,,,Cashiers Check,"$3,000 ",$0.00 ,$60.06 ,General Fund,0
Dell Laptop,81291,ITS,3/27/2014,$136.01 ,$3.13 ,0.23,$31.28 ,$31.28 ,Successful,4/2/2014,,77073,,,3610212619,"$3,000 ",$0.00 ,$104.72 ,General Fund,0
Dell Laptop,81292,ITS,3/27/2014,$130.00 ,$2.99 ,0.23,$29.90 ,$29.90 ,Successful,4/2/2014,,77085,,,3610212655,"$3,000 ",$0.00 ,$100.10 ,General Fund,0
Dell Laptop,81293,ITS,3/27/2014,$130.00 ,$2.99 ,0.23,$29.90 ,$29.90 ,Successful,4/2/2014,,77072,,,3610212697,"$3,000 ",$0.00 ,$100.10 ,General Fund,0
Dell Laptop,81294,ITS,3/27/2014,$130.00 ,$2.99 ,0.23,$29.90 ,$29.90 ,Successful,4/2/2014,,77087,,,3610212719,"$3,000 ",$0.00 ,$100.10 ,General Fund,0
Dell Laptop,81295,ITS,3/27/2014,$125.00 ,$0.00 ,0.23,$28.75 ,$28.75 ,Successful,4/1/2014,,77070,,,Cashiers Check,"$3,000 ",$0.00 ,$96.25 ,General Fund,0
Dell Laptop,81296,ITS,3/27/2014,$125.00 ,$0.00 ,0.23,$28.75 ,$28.75 ,Successful,4/1/2014,,77078,,,Cashiers Check,"$3,000 ",$0.00 ,$96.25 ,General Fund,0
Dell Laptop,81297,ITS,3/27/2014,$155.00 ,$0.00 ,0.23,$35.65 ,$35.65 ,Successful,4/1/2014,,77106,,,Cashiers Check,"$3,000 ",$0.00 ,$119.35 ,General Fund,0
2 File Cabinets,81298,PUBLIC LIBRARY,3/31/2014,$19.00 ,$0.44 ,0.23,$4.37 ,$4.37 ,Successful,4/7/2014,,"77726, 77731",,,3610638221,"$3,000 ",$0.00 ,$14.63 ,General Fund,0
2 File Cabinets,81299,PUBLIC LIBRARY,3/31/2014,$25.00 ,$0.58 ,0.23,$5.75 ,$5.75 ,Successful,4/7/2014,,"77727, 77729",,,3610630046,"$3,000 ",$0.00 ,$19.25 ,General Fund,0
2 File Cabinets,81300,PUBLIC LIBRARY,3/31/2014,$22.26 ,$0.51 ,0.23,$5.11 ,$5.11 ,Successful,4/7/2014,,"77728, 77730",,,3610630074,"$3,000 ",$0.00 ,$17.14 ,General Fund,0
3 File Cabinets,81301,PUBLIC LIBRARY,3/31/2014,$25.00 ,$0.58 ,0.23,$5.75 ,$5.75 ,Successful,4/2/2014,,"77722, 77723, 77724",,,3610230059,"$3,000 ",$0.00 ,$19.25 ,General Fund,0
3 File Cabinets,81302,PUBLIC LIBRARY,3/31/2014,$25.00 ,$0.58 ,0.23,$5.75 ,$5.75 ,Successful,4/2/2014,,"77725, 77732, 77733",,,3610230075,"$3,000 ",$0.00 ,$19.25 ,General Fund,0
20 Chairs,81303,PUBLIC LIBRARY,3/31/2014,$175.00 ,$4.02 ,0.23,$40.25 ,$40.25 ,Successful,4/1/2014,,"77735, 77734, 77768, 77769, 77770, 77771, 77772, 77773, 77774, 77775, 77847, 77848, 77849, 77850, 77851, 77852, 77808, 77809, 77810, 77811",,,3610103028,"$3,000 ",$0.00 ,$134.75 ,General Fund,0
20 Chairs,81304,PUBLIC LIBRARY,3/31/2014,$145.00 ,$3.34 ,0.23,$33.35 ,$33.35 ,Successful,4/8/2014,,"77752, 77753, 77754, 77755, 77756, 77757, 77833, 77834, 77835, 77836, 77736, 77737, 77738, 77739, 77740, 77741, 77742, 77743, 77744, 77745",,,3610778943,"$3,000 ",$0.00 ,$111.65 ,General Fund,0
Radios and Equipment,81318,RADIO COMMUNICATIONS,3/24/2014,$332.56 ,$7.65 ,0.23,$76.48 ,$76.48 ,Successful,3/27/2014,,RC-75609,,,3609642940,"$3,000 ",$0.00 ,$256.07 ,Enterprise,0
Vehicle Brackets,81319,RADIO COMMUNICATIONS,3/24/2014,$28.00 ,$0.00 ,0.23,$6.44 ,$6.44 ,Successful,4/3/2014,,RC-75608,,,Cashiers Check,"$3,000 ",$0.00 ,$21.56 ,Enterprise,0
Information Cabinet,81320,HEALTH,3/24/2014,$23.79 ,$0.55 ,0.23,$5.47 ,$5.47 ,Successful,3/24/2014,,74995,,,3609369891,"$3,000 ",$0.00 ,$18.31 ,General Fund,0
Dell Latitude D820 Laptop,81328,JUVENILE COURT,3/24/2014,$70.69 ,$0.00 ,0.23,$16.25 ,$16.25 ,Successful,3/24/2014,,75520,,,Cashiers Check,"$3,000 ",$0.00 ,$54.43 ,General Fund,0
Dell Latitude D810 Laptop,81329,JUVENILE COURT,3/24/2014,$6.69 ,$0.15 ,0.23,$1.53 ,$1.53 ,Successful,3/31/2014,,75512,,,3609993434,"$3,000 ",$0.00 ,$5.15 ,General Fund,0
Dell Latitude D810 Laptop,81330,JUVENILE COURT,3/24/2014,$6.69 ,$0.15 ,0.23,$1.53 ,$1.53 ,Successful,3/31/2014,,75511,,,3609995033,"$3,000 ",$0.00 ,$5.15 ,General Fund,0
10 Chairs,81331,PUBLIC LIBRARY,3/24/2014,$52.00 ,$1.20 ,0.23,$11.96 ,$11.96 ,Successful,3/26/2014,,"78398, 78399, 78400, 78401, 78392, 78393, 78394, 78395, 78396, 78397",,,3609557379,"$3,000 ",$0.00 ,$40.04 ,General Fund,0
13 Chairs,81332,PUBLIC LIBRARY,3/24/2014,$65.00 ,$1.50 ,0.23,$14.95 ,$14.95 ,Successful,3/24/2014,,"78373, 78374, 78375, 78376, 78377, 78378, 78385, 78386, 78387, 78388, 78389, 78390, 78391",,,3609396107,"$3,000 ",$0.00 ,$50.05 ,General Fund,0
Phones,81333,BRIDGESTONE ARENA,3/24/2014,$22.60 ,$0.00 ,0.23,$5.19 ,$5.19 ,Successful,3/27/2014,,BA-74858,,,Money Order,"$3,000 ",$0.00 ,$17.40 ,Enterprise,0
Pallet of Cable,81334,WATER SERVICES,3/25/2014,$90.00 ,$0.00 ,0.23,$20.70 ,$20.70 ,Successful,4/7/2014,,WS-78428,,,Money Order,"$3,000 ",$0.00 ,$69.30 ,Enterprise,0
Electrical Parts,81335,WATER SERVICES,3/25/2014,$57.00 ,$0.00 ,0.23,$13.11 ,$13.11 ,Successful,4/2/2014,,WS-78427,,,Money Order,"$3,000 ",$0.00 ,$43.89 ,Enterprise,0
4 - 55 Gallon Drums,81336,OFM,3/25/2014,$15.89 ,$0.37 ,0.23,$3.65 ,$3.65 ,Successful,3/27/2014,,OFM-78512,,,3609673162,"$3,000 ",$0.00 ,$12.23 ,Enterprise,0
Engine & Transmission,81337,OFM,3/25/2014,$59.00 ,$1.36 ,0.23,$13.57 ,$13.57 ,Successful,3/27/2014,,"OFM-78513, OFM-78515",,,3609661283,"$3,000 ",$0.00 ,$45.43 ,Enterprise,0
Auto Parts,81338,OFM,3/25/2014,$58.00 ,$1.33 ,0.23,$13.34 ,$13.34 ,Successful,3/26/2014,,OFM-78507,,,3609557971,"$3,000 ",$0.00 ,$44.66 ,Enterprise,0
Engine,81339,OFM,3/25/2014,$53.00 ,$1.22 ,0.23,$12.19 ,$12.19 ,Successful,3/27/2014,,OFM-78514,,,3609661315,"$3,000 ",$0.00 ,$40.81 ,Enterprise,0
Auto Parts,81340,OFM,3/25/2014,$160.00 ,$0.00 ,0.23,$36.80 ,$36.80 ,Successful,4/2/2014,,OFM-78508,,,Money Order,"$3,000 ",$0.00 ,$123.20 ,Enterprise,0
Electrical Parts,81341,OFM,3/25/2014,$93.00 ,$0.00 ,0.23,$21.39 ,$21.39 ,Successful,3/27/2014,,OFM-78426,,,Money Order,"$3,000 ",$0.00 ,$71.61 ,Enterprise,0
Box of Office Supplies,81342,OFM,3/25/2014,$7.00 ,$0.16 ,0.23,$1.61 ,$1.61 ,Successful,4/1/2014,,OFM-78511,,,3610076700,"$3,000 ",$0.00 ,$5.39 ,Enterprise,0
2 Boxes of Office Supplies,81343,OFM,3/25/2014,$8.00 ,$0.18 ,0.23,$1.84 ,$1.84 ,Successful,3/31/2014,,"OFM-78509, OFM-78510",,,3609981171,"$3,000 ",$0.00 ,$6.16 ,Enterprise,0
TV/ VCR Combo,81344,STATE TRIAL COURT,3/25/2014,$16.00 ,$0.37 ,0.23,$3.68 ,$3.68 ,Successful,3/25/2014,,78416,,,3609471060,"$3,000 ",$0.00 ,$12.32 ,General Fund,0
Lot of Dell CRT Monitors,81345,STATE TRIAL COURT,3/25/2014,$19.00 ,$0.44 ,0.23,$4.37 ,$4.37 ,Successful,3/27/2014,,"78102, 78103, 78104, 78105, 78106, 78107, 78108, 78109, 78110, 78111, 78112, 78113, 78114, 78115, 78116",,,3609703179,"$3,000 ",$0.00 ,$14.63 ,General Fund,0
Box of Office Equipment,81346,STATE TRIAL COURT,3/25/2014,$10.01 ,$0.23 ,0.23,$2.30 ,$2.30 ,Successful,4/9/2014,,"78402, 78403, 78466, 78467, 78468, 78469, 78470",,,3610916068,"$3,000 ",$0.00 ,$7.70 ,General Fund,0
Commercial Sprayer,81347,STATE TRIAL COURT,3/25/2014,$9.00 ,$0.21 ,0.23,$2.07 ,$2.07 ,Successful,3/26/2014,,78456,,,3609582290,"$3,000 ",$0.00 ,$6.93 ,General Fund,0
8 Doors,81348,HEALTH,3/25/2014,$11.70 ,$0.27 ,0.23,$2.69 ,$2.69 ,Successful,3/26/2014,,78071,,,3609564496,"$3,000 ",$0.00 ,$9.00 ,General Fund,0
Dell Latitude E6410 Laptop,81349,ITS,3/25/2014,$103.00 ,$0.00 ,0.23,$23.69 ,$23.69 ,Successful,4/1/2014,,77075,,,Cashiers Check,"$3,000 ",$0.00 ,$79.31 ,General Fund,0
Dell Latitude E6400 Laptop,81350,ITS,3/25/2014,$82.69 ,$1.90 ,0.23,$19.01 ,$19.01 ,Successful,3/25/2014,,77066,,,3609473575,"$3,000 ",$0.00 ,$63.67 ,General Fund,0
Dell Latitude E6400 Laptop,81351,ITS,3/25/2014,$52.00 ,$1.20 ,0.23,$11.96 ,$11.96 ,Successful,3/31/2014,,77058,,,3609995273,"$3,000 ",$0.00 ,$40.04 ,General Fund,0
4 55-Gallon Drums,81352,FIRE,3/31/2014,$30.00 ,$0.69 ,0.23,$6.90 ,$6.90 ,Successful,4/2/2014,,77925A,,,3610214130,"$3,000 ",$0.00 ,$23.10 ,General Fund,0
4 55-Gallon Drums,81353,FIRE,3/31/2014,$27.18 ,$0.63 ,0.23,$6.25 ,$6.25 ,Successful,4/1/2014,,77925B,,,3610139122,"$3,000 ",$0.00 ,$20.92 ,General Fund,0
4 55-Gallon Drums,81354,FIRE,3/31/2014,$21.00 ,$0.48 ,0.23,$4.83 ,$4.83 ,Successful,4/1/2014,,77925D,,,3610139155,"$3,000 ",$0.00 ,$16.17 ,General Fund,0
8 55-Gallon Drums,81355,FIRE,3/31/2014,$47.00 ,$1.08 ,0.23,$10.81 ,$10.81 ,Successful,4/2/2014,,77925C,,,3610214162,"$3,000 ",$0.00 ,$36.19 ,General Fund,0
Locker,81356,FIRE,3/31/2014,$13.00 ,$0.30 ,0.23,$2.99 ,$2.99 ,Successful,4/1/2014,,75896,,,3610111574,"$3,000 ",$0.00 ,$10.01 ,General Fund,0
3 Fans,81357,HEALTH,3/31/2014,$37.00 ,$0.00 ,0.23,$8.51 ,$8.51 ,Successful,4/1/2014,,"77902, 77909, 77910",,,Cashiers Check,"$3,000 ",$0.00 ,$28.49 ,General Fund,0
File Cabinet,81358,GENERAL SERVICES,3/31/2014,$20.00 ,$0.46 ,0.23,$4.60 ,$4.60 ,Successful,4/1/2014,,72837,,,3610111644,"$3,000 ",$0.00 ,$15.40 ,General Fund,0
Dell Laptop,81359,ITS,3/31/2014,$166.69 ,$3.83 ,0.23,$38.33 ,$38.33 ,Successful,3/31/2014,,77470,,,3610030955,"$3,000 ",$0.00 ,$128.35 ,General Fund,0
Dell Laptop,81360,ITS,3/31/2014,$130.00 ,$2.99 ,0.23,$29.90 ,$29.90 ,Successful,4/29/2014,,77444,,,3612681618,"$3,000 ",$0.00 ,$100.10 ,General Fund,0
Dell Laptop,81361,ITS,3/31/2014,$125.00 ,$0.00 ,0.23,$28.75 ,$28.75 ,Successful,4/1/2014,,77449,,,Cashiers Check,"$3,000 ",$0.00 ,$96.25 ,General Fund,0
Dell Laptop,81362,ITS,3/31/2014,$125.00 ,$0.00 ,0.23,$28.75 ,$28.75 ,Successful,4/1/2014,,77447,,,Cashiers Check,"$3,000 ",$0.00 ,$96.25 ,General Fund,0
Dell Laptop,81363,ITS,3/31/2014,$125.00 ,$0.00 ,0.23,$28.75 ,$28.75 ,Successful,4/1/2014,,77463,,,Cashiers Check,"$3,000 ",$0.00 ,$96.25 ,General Fund,0
Dell Laptop,81364,ITS,3/31/2014,$65.00 ,$1.50 ,0.23,$14.95 ,$14.95 ,Successful,4/7/2014,,77443,,,3610638361,"$3,000 ",$0.00 ,$50.05 ,General Fund,0
2 Paint Cans,81365,PARKS,4/1/2014,$1.00 ,$0.02 ,0.23,$0.23 ,$0.23 ,Successful,4/1/2014,,78505,,,3610123916,"$3,000 ",$0.00 ,$0.77 ,General Fund,0
2 Hon File Cabinets,81366,NASHVILLE CONVENTION CTR,4/1/2014,$19.13 ,$0.44 ,0.23,$4.39 ,$4.39 ,Successful,4/1/2014,,"NCC-78503, NCC-78504",,,3610103091,"$3,000 ",$0.00 ,$14.73 ,Enterprise,0
43 Chairs,81367,PUBLIC LIBRARY,4/1/2014,$175.00 ,$4.02 ,0.23,$40.25 ,$40.25 ,Successful,4/21/2014,,"78242, 78243, 78244, 78245, 78246, 78247, 78248, 78249, 78250, 78251, 78252, 78253, 78278, 78279, 78280, 78281, 78282, 78283, 78284, 78285, 78286, 78287, 78288, 78289, 78290, 78291, 78356, 78357, 78358, 78359, 78360, 78361, 78362, 78364, 78365, 78366, 783",,,3611972642,"$3,000 ",$0.00 ,$134.75 ,General Fund,0
2-Drawer File Cabinet,81368,PUBLIC DEFENDER,4/1/2014,$5.01 ,$0.12 ,0.23,$1.15 ,$1.15 ,Successful,4/2/2014,,76197,,,3610226869,"$3,000 ",$0.00 ,$3.85 ,General Fund,0
Metal Shelving,81369,PUBLIC LIBRARY,4/1/2014,$3.00 ,$0.07 ,0.23,$0.69 ,$0.69 ,Successful,4/7/2014,,77719,,,3610638396,"$3,000 ",$0.00 ,$2.31 ,General Fund,0
2 Metal Shelves,81370,PUBLIC LIBRARY,4/1/2014,$37.61 ,$0.87 ,0.23,$8.65 ,$8.65 ,Successful,4/2/2014,,77708H,,,3610209801,"$3,000 ",$0.00 ,$28.95 ,General Fund,0
2 Metal Shelves,81371,PUBLIC LIBRARY,4/1/2014,$34.00 ,$0.78 ,0.23,$7.82 ,$7.82 ,Successful,4/1/2014,,77708I,,,3610102002,"$3,000 ",$0.00 ,$26.18 ,General Fund,0
2 Metal Shelves,81372,PUBLIC LIBRARY,4/1/2014,$32.51 ,$0.75 ,0.23,$7.47 ,$7.47 ,Successful,4/2/2014,,77708J,,,3610207817,"$3,000 ",$0.00 ,$25.03 ,General Fund,0
2 Metal Shelves,81373,PUBLIC LIBRARY,4/1/2014,$49.05 ,$1.13 ,0.23,$11.28 ,$11.28 ,Successful,4/1/2014,,77708K,,,3610101619,"$3,000 ",$0.00 ,$37.76 ,General Fund,0
1 Metal Shelf,81374,PUBLIC LIBRARY,4/1/2014,$23.00 ,$0.53 ,0.23,$5.29 ,$5.29 ,Successful,4/1/2014,,77708L,,,3610101664,"$3,000 ",$0.00 ,$17.71 ,General Fund,0
18 Assorted Metal Rods,81375,TENNESSEE STATE FAIR,4/1/2014,$18.00 ,$0.41 ,0.23,$4.14 ,$4.14 ,Successful,4/7/2014,,SF-77354,,,3610657393,"$3,000 ",$0.00 ,$13.86 ,Enterprise,0
Metal File Cabinet,81377,COMMUNITY EDUCATION,4/1/2014,$11.00 ,$0.25 ,0.23,$2.53 ,$2.53 ,Successful,4/1/2014,,76310,,,3610103123,"$3,000 ",$0.00 ,$8.47 ,General Fund,0
Metal File Cabinet,81378,HEALTH,4/1/2014,$5.00 ,$0.12 ,0.23,$1.15 ,$1.15 ,Successful,4/2/2014,,77709,,,3610230927,"$3,000 ",$0.00 ,$3.85 ,General Fund,0
Skil 14.4v Drill,81390,SCHOOL BOARD WAREHOUSE,4/1/2014,$6.00 ,$0.14 ,0.23,$1.38 ,$1.38 ,Successful,5/19/2014,,SBS-6231E,,,3614662355,"$3,000 ",$0.00 ,$4.62 ,Enterprise,0
Rug,81392,METRO ACTION,4/2/2014,$30.01 ,$0.69 ,0.23,$6.90 ,$6.90 ,Successful,4/2/2014,,MAC-73099,,,3610212851,"$3,000 ",$0.00 ,$23.10 ,Enterprise,0
Rug,81393,METRO ACTION,4/2/2014,$32.00 ,$0.74 ,0.23,$7.36 ,$7.36 ,Successful,4/10/2014,,MAC-74143C,,,3611037043,"$3,000 ",$0.00 ,$24.64 ,Enterprise,0
Rug,81394,METRO ACTION,4/2/2014,$27.61 ,$0.64 ,0.23,$6.35 ,$6.35 ,Successful,4/3/2014,,MAC-74140A,,,3610322467,"$3,000 ",$0.00 ,$21.25 ,Enterprise,0
Rug,81395,METRO ACTION,4/2/2014,$52.00 ,$1.20 ,0.23,$11.96 ,$11.96 ,Successful,4/3/2014,,MAC-74140B,,,3610322502,"$3,000 ",$0.00 ,$40.04 ,Enterprise,0
Rug,81396,METRO ACTION,4/2/2014,$46.00 ,$1.06 ,0.23,$10.58 ,$10.58 ,Successful,4/3/2014,,MAC-74140C,,,3610322544,"$3,000 ",$0.00 ,$35.42 ,Enterprise,0
HP Laser Jet 8150,81397,METRO CLERK,4/2/2014,$64.99 ,$0.00 ,0.23,$14.94 ,$14.94 ,Successful,4/9/2014,,78462,,,Money Order,"$3,000 ",$0.00 ,$50.04 ,General Fund,0
Steelcase File Cabinet,81398,PARKS,4/2/2014,$10.24 ,$0.24 ,0.23,$2.35 ,$2.35 ,Successful,4/8/2014,,78231,,,3610754861,"$3,000 ",$0.00 ,$7.88 ,General Fund,0
Dell Fax/Copier,81399,PARKS,4/2/2014,$16.60 ,$0.38 ,0.23,$3.81 ,$3.81 ,Successful,4/3/2014,,78240,,,3610357774,"$3,000 ",$0.00 ,$12.78 ,General Fund,0
HP Laser Jet 4250dtn,81400,PARKS,4/2/2014,$88.09 ,$0.00 ,0.23,$20.26 ,$20.26 ,Successful,4/9/2014,,78221,,,Money Order,"$3,000 ",$0.00 ,$67.82 ,General Fund,0
Panasonic Printer,81401,PARKS,4/2/2014,$5.01 ,$0.12 ,0.23,$1.15 ,$1.15 ,Successful,4/3/2014,,78236,,,3610342852,"$3,000 ",$0.00 ,$3.85 ,General Fund,0
2 Shelves,81402,PARKS,4/2/2014,$2.00 ,$0.05 ,0.23,$0.46 ,$0.46 ,Successful,4/3/2014,,"78473, 78474",,,3610343780,"$3,000 ",$0.00 ,$1.54 ,General Fund,0
2 Haworth Chairs,81406,PUBLIC LIBRARY,4/2/2014,$7.00 ,$0.00 ,0.23,$1.61 ,$1.61 ,Successful,4/9/2014,,"77913, 77914",,,Money Order,"$3,000 ",$0.00 ,$5.39 ,General Fund,0
Life Magazine Book,81407,PUBLIC LIBRARY,4/2/2014,$21.00 ,$0.48 ,0.23,$4.83 ,$4.83 ,Successful,4/5/2014,,68330JJ,,,3610551841,"$3,000 ",$0.00 ,$16.17 ,General Fund,0
Life Magazine Book,81408,PUBLIC LIBRARY,4/2/2014,$16.00 ,$0.37 ,0.23,$3.68 ,$3.68 ,Successful,4/5/2014,,68330KK,,,3610551877,"$3,000 ",$0.00 ,$12.32 ,General Fund,0
"Dell 17"" Flat Screen Monitor",81409,SOCIAL SERVICES,4/2/2014,$13.00 ,$0.30 ,0.23,$2.99 ,$2.99 ,Successful,4/4/2014,,76529,,,3610429924,"$3,000 ",$0.00 ,$10.01 ,General Fund,0
National Office Chair,81410,ELECTION COMMISSION,4/2/2014,$25.26 ,$0.00 ,0.23,$5.80 ,$5.80 ,Successful,4/9/2014,,77622,,,Money Order,"$3,000 ",$0.00 ,$19.45 ,General Fund,0
1994 Komatsu Rubber Tire Articulating Loader,81412,OFM-PUBLIC WORKS,3/27/2014,"$14,102.00 ",$0.00 ,0.23,"$3,243.46 ","$3,000.00 ",Successful,3/31/2014,207863,,08L 5721,,Cashiers Check,"$3,000 ",$0.00 ,"$11,102.00 ",Enterprise,0
2003 New Holland Dozier,81413,OFM-PUBLIC WORKS,3/27/2014,"$11,900.00 ",$0.00 ,0.23,"$2,737.00 ","$2,737.00 ",Successful,3/31/2014,80000649,,08L 5915,,Cashiers Check,"$3,000 ",$0.00 ,"$9,163.00 ",Enterprise,0
2005 Westward Ind. Intercepter II Go-4,81414,OFM-PUBLIC WORKS,3/27/2014,"$1,325.00 ",$0.00 ,0.23,$304.75 ,$304.75 ,Successful,4/3/2014,80005441,,08B 4065,,Cashiers Check,"$3,000 ",$0.00 ,"$1,020.25 ",Enterprise,0
2005 Westward Ind. Intercepter II Go-4,81415,OFM-PUBLIC WORKS,3/27/2014,$931.70 ,$0.00 ,0.23,$214.29 ,$214.29 ,Successful,4/3/2014,80005440,,08B 4064,,Cashiers Check,"$3,000 ",$0.00 ,$717.40 ,Enterprise,0
2005 John Deere Zero Turn Mower,81416,OFM-PARKS,3/27/2014,"$2,525.00 ",$0.00 ,0.23,$580.75 ,$580.75 ,Successful,3/31/2014,80003403,,29 5285,,Money Order,"$3,000 ",$0.00 ,"$1,944.25 ",Enterprise,0
2006 John Deere Zero Turn Mower,81417,OFM-PARKS,3/27/2014,"$2,500.00 ",$0.00 ,0.23,$575.00 ,$575.00 ,Successful,3/31/2014,80004187,,1058 JF,,Cashiers Check,"$3,000 ",$0.00 ,"$1,925.00 ",Enterprise,0
Dell Laptop w/Bag,81419,ITS,4/3/2014,$145.00 ,$3.34 ,0.23,$33.35 ,$33.35 ,Successful,4/3/2014,,77079,,,3610316270,"$3,000 ",$0.00 ,$111.65 ,General Fund,0
Dell Laptop w/Bag,81420,ITS,4/3/2014,$57.69 ,$1.33 ,0.23,$13.26 ,$13.26 ,Successful,4/10/2014,,77068,,,3610981639,"$3,000 ",$0.00 ,$44.42 ,General Fund,0
Dell Laptop w/Bag,81421,ITS,4/3/2014,$68.00 ,$1.56 ,0.23,$15.64 ,$15.64 ,Successful,4/9/2014,,77046,,,3610930288,"$3,000 ",$0.00 ,$52.36 ,General Fund,0
Dell Laptop w/Bag,81422,ITS,4/3/2014,$62.00 ,$1.43 ,0.23,$14.26 ,$14.26 ,Successful,4/21/2014,,77067,,,3611894165,"$3,000 ",$0.00 ,$47.74 ,General Fund,0
Dell Laptop w/Bag,81423,ITS,4/3/2014,$59.00 ,$1.36 ,0.23,$13.57 ,$13.57 ,Successful,4/8/2014,,77051,,,3610788248,"$3,000 ",$0.00 ,$45.43 ,General Fund,0
Dell Laptop w/Bag,81424,ITS,4/3/2014,$62.00 ,$1.43 ,0.23,$14.26 ,$14.26 ,Successful,4/10/2014,,77100,,,3610981650,"$3,000 ",$0.00 ,$47.74 ,General Fund,0
Dell Laptop w/Bag,81425,ITS,4/3/2014,$75.00 ,$1.72 ,0.23,$17.25 ,$17.25 ,Successful,4/9/2014,,77093,,,3610930319,"$3,000 ",$0.00 ,$57.75 ,General Fund,0
Dell Laptop w/Bag,81426,ITS,4/3/2014,$57.00 ,$1.31 ,0.23,$13.11 ,$13.11 ,Successful,4/7/2014,,77091,,,3610655899,"$3,000 ",$0.00 ,$43.89 ,General Fund,0
Dell Laptop w/Bag,81427,ITS,4/3/2014,$173.00 ,$3.98 ,0.23,$39.79 ,$39.79 ,Successful,4/7/2014,,77105,,,3610655939,"$3,000 ",$0.00 ,$133.21 ,General Fund,0
Dell Computer,81428,ITS,4/3/2014,$51.52 ,$1.18 ,0.23,$11.84 ,$11.84 ,Successful,4/3/2014,,77587,,,3610357831,"$3,000 ",$0.00 ,$39.67 ,General Fund,0
Dell Computer,81429,ITS,4/3/2014,$53.51 ,$1.23 ,0.23,$12.30 ,$12.30 ,Successful,4/7/2014,,77576,,,3610602300,"$3,000 ",$0.00 ,$41.20 ,General Fund,0
Dell Computer,81430,ITS,4/3/2014,$68.00 ,$1.56 ,0.23,$15.64 ,$15.64 ,Successful,4/7/2014,,77608,,,3610657058,"$3,000 ",$0.00 ,$52.36 ,General Fund,0
Dell Computer,81431,ITS,4/3/2014,$65.00 ,$1.50 ,0.23,$14.95 ,$14.95 ,Successful,4/8/2014,,77601,,,3610788287,"$3,000 ",$0.00 ,$50.05 ,General Fund,0
Dell Computer,81432,ITS,4/3/2014,$53.51 ,$1.23 ,0.23,$12.30 ,$12.30 ,Successful,4/9/2014,,77591,,,3610930361,"$3,000 ",$0.00 ,$41.20 ,General Fund,0
Dell Computer,81433,ITS,4/3/2014,$53.51 ,$1.23 ,0.23,$12.30 ,$12.30 ,Successful,4/7/2014,,77611,,,3610602671,"$3,000 ",$0.00 ,$41.20 ,General Fund,0
Dell Computer,81434,ITS,4/3/2014,$43.03 ,$0.99 ,0.23,$9.89 ,$9.89 ,Successful,4/8/2014,,77585,,,3610774115,"$3,000 ",$0.00 ,$33.13 ,General Fund,0
Dell Computer,81435,ITS,4/3/2014,$53.51 ,$1.23 ,0.23,$12.30 ,$12.30 ,Successful,4/7/2014,,77598,,,3610602675,"$3,000 ",$0.00 ,$41.20 ,General Fund,0
Dell Computer,81436,ITS,4/3/2014,$53.51 ,$1.23 ,0.23,$12.30 ,$12.30 ,Successful,4/9/2014,,77592,,,3610930376,"$3,000 ",$0.00 ,$41.20 ,General Fund,0
Dell Computer,81437,ITS,4/3/2014,$53.51 ,$1.23 ,0.23,$12.30 ,$12.30 ,Successful,4/7/2014,,77602,,,3610664206,"$3,000 ",$0.00 ,$41.20 ,General Fund,0
Dell Computer,81438,ITS,4/3/2014,$42.00 ,$0.97 ,0.23,$9.66 ,$9.66 ,Successful,4/8/2014,,77578,,,3610771813,"$3,000 ",$0.00 ,$32.34 ,General Fund,0
Dell Computer,81439,ITS,4/3/2014,$53.51 ,$1.23 ,0.23,$12.30 ,$12.30 ,Successful,4/8/2014,,77586,,,3610788311,"$3,000 ",$0.00 ,$41.20 ,General Fund,0
Dell Computer,81440,ITS,4/3/2014,$52.00 ,$1.20 ,0.23,$11.96 ,$11.96 ,Successful,4/6/2014,,77600,,,3610593314,"$3,000 ",$0.00 ,$40.04 ,General Fund,0
Dell Computer,81441,ITS,4/3/2014,$50.00 ,$1.15 ,0.23,$11.50 ,$11.50 ,Successful,4/8/2014,,77599,,,3610771856,"$3,000 ",$0.00 ,$38.50 ,General Fund,0
Dell Computer,81442,ITS,4/3/2014,$53.51 ,$1.23 ,0.23,$12.30 ,$12.30 ,Successful,4/7/2014,,77609,,,3610630521,"$3,000 ",$0.00 ,$41.20 ,General Fund,0
Dell Computer,81443,ITS,4/3/2014,$54.00 ,$1.24 ,0.23,$12.42 ,$12.42 ,Successful,4/7/2014,,77593,,,3610630569,"$3,000 ",$0.00 ,$41.58 ,General Fund,0
Dell Computer,81444,ITS,4/3/2014,$52.00 ,$1.20 ,0.23,$11.96 ,$11.96 ,Successful,4/7/2014,,77579,,,3610630604,"$3,000 ",$0.00 ,$40.04 ,General Fund,0
Dell Computer,81445,ITS,4/3/2014,$51.00 ,$1.17 ,0.23,$11.73 ,$11.73 ,Successful,4/8/2014,,77590,,,3610771888,"$3,000 ",$0.00 ,$39.27 ,General Fund,0
Dell Computer,81446,ITS,4/3/2014,$51.52 ,$1.18 ,0.23,$11.84 ,$11.84 ,Successful,4/6/2014,,77589,,,3610593225,"$3,000 ",$0.00 ,$39.67 ,General Fund,0
12 Waste Baskets,81447,STATE TRIAL COURT,4/2/2014,$32.00 ,$0.74 ,0.23,$7.36 ,$7.36 ,Successful,4/3/2014,,78500,,,3610299384,"$3,000 ",$0.00 ,$24.64 ,General Fund,0
2 Air Filter Systems,81448,STATE TRIAL COURT,4/2/2014,$182.59 ,$0.00 ,0.23,$41.99 ,$41.99 ,Successful,4/3/2014,,"78498, 78516",,,Money Order,"$3,000 ",$0.00 ,$140.59 ,General Fund,0
2 Nortel Network Switches,81449,STATE TRIAL COURT,4/2/2014,$195.00 ,$4.48 ,0.23,$44.85 ,$44.85 ,Successful,4/2/2014,,78499A,,,3610224853,"$3,000 ",$0.00 ,$150.15 ,General Fund,0
2 Nortel Network Switches,81450,STATE TRIAL COURT,4/2/2014,$228.00 ,$5.24 ,0.23,$52.44 ,$52.44 ,Successful,4/2/2014,,78499B,,,3610242132,"$3,000 ",$0.00 ,$175.56 ,General Fund,0
Assorted Printer Cartridges,81451,STATE TRIAL COURT,4/2/2014,$99.00 ,$2.28 ,0.23,$22.77 ,$22.77 ,Successful,4/8/2014,,78495,,,3610752079,"$3,000 ",$0.00 ,$76.23 ,General Fund,0
Floor Finish,81453,STATE TRIAL COURT,4/2/2014,$16.00 ,$0.37 ,0.23,$3.68 ,$3.68 ,Successful,4/3/2014,,78497,,,3610327250,"$3,000 ",$0.00 ,$12.32 ,General Fund,0
Toaster Oven,81454,HEALTH,4/7/2014,$15.00 ,$0.34 ,0.23,$3.45 ,$3.45 ,Successful,5/19/2014,,75010,,,3614662367,"$3,000 ",$0.00 ,$11.55 ,General Fund,0
Tanita Baby Scale,81455,HEALTH,4/7/2014,$2.00 ,$0.05 ,0.23,$0.46 ,$0.46 ,Successful,4/8/2014,,74996,,,3610780748,"$3,000 ",$0.00 ,$1.54 ,General Fund,0
Vehicle Trackers,81456,HEALTH,4/7/2014,$37.00 ,$0.85 ,0.23,$8.51 ,$8.51 ,Successful,4/15/2014,,75008,,,3611424732,"$3,000 ",$0.00 ,$28.49 ,General Fund,0
Toner Cartridges,81458,STATE TRIAL COURT,4/7/2014,$163.67 ,$3.76 ,0.23,$37.64 ,$37.64 ,Successful,4/10/2014,,"78463, 78464",,,3611017819,"$3,000 ",$0.00 ,$126.02 ,General Fund,0
6 Monitor Stands,81459,STATE TRIAL COURT,4/7/2014,$11.25 ,$0.00 ,0.23,$2.58 ,$2.58 ,Successful,4/22/2014,,"78431, 78430, 78432, 78434, 78433, 78429",,,Money Order,"$3,000 ",$0.00 ,$8.66 ,General Fund,0
Microwave,81460,STATE TRIAL COURT,4/7/2014,$16.00 ,$0.00 ,0.23,$3.68 ,$3.68 ,Successful,4/14/2014,,78418,,,Cashiers Check,"$3,000 ",$0.00 ,$12.32 ,General Fund,0
Air Filters,81461,STATE TRIAL COURT,4/7/2014,$15.57 ,$0.36 ,0.23,$3.58 ,$3.58 ,Successful,4/8/2014,,78471,,,3610780804,"$3,000 ",$0.00 ,$11.98 ,General Fund,0
Paint,81462,STATE TRIAL COURT,4/7/2014,$5.00 ,$0.12 ,0.23,$1.15 ,$1.15 ,Successful,4/22/2014,,78455,,,3612001980,"$3,000 ",$0.00 ,$3.85 ,General Fund,0
Dell Laptop,81464,ITS,4/7/2014,$87.50 ,$2.01 ,0.23,$20.12 ,$20.12 ,Successful,4/7/2014,,77052,,,3610652871,"$3,000 ",$0.00 ,$67.37 ,General Fund,0
Dell Laptop,81465,ITS,4/7/2014,$125.00 ,$2.88 ,0.23,$28.75 ,$28.75 ,Successful,4/7/2014,,77080,,,3610655967,"$3,000 ",$0.00 ,$96.25 ,General Fund,0
Dell Laptop,81466,ITS,4/14/2014,$106.69 ,$0.00 ,0.23,$24.53 ,$24.53 ,Successful,4/15/2014,,77076,,,Cashiers Check,"$3,000 ",$0.00 ,$82.15 ,General Fund,0
Dell Laptop,81467,ITS,4/7/2014,$132.50 ,$3.05 ,0.23,$30.47 ,$30.47 ,Successful,4/7/2014,,77071,,,3610652938,"$3,000 ",$0.00 ,$102.02 ,General Fund,0
Dell Laptop,81468,ITS,4/7/2014,$155.14 ,$3.57 ,0.23,$35.68 ,$35.68 ,Successful,4/7/2014,,77081,,,3610652977,"$3,000 ",$0.00 ,$119.45 ,General Fund,0
Dell Laptop,81469,ITS,4/7/2014,$218.00 ,$5.01 ,0.23,$50.14 ,$50.14 ,Successful,4/15/2014,,77088,,,3611424763,"$3,000 ",$0.00 ,$167.86 ,General Fund,0
Dell Laptop,81470,ITS,4/7/2014,$140.12 ,$3.22 ,0.23,$32.22 ,$32.22 ,Successful,4/7/2014,,77074,,,3610653023,"$3,000 ",$0.00 ,$107.89 ,General Fund,0
Dell Laptop,81472,ITS,4/7/2014,$88.00 ,$2.02 ,0.23,$20.24 ,$20.24 ,Successful,4/7/2014,,77092,,,3610653046,"$3,000 ",$0.00 ,$67.76 ,General Fund,0
2 Cafeteria Tables,81485,SCHOOL BOARD WAREHOUSE,4/8/2014,$78.00 ,$1.79 ,0.23,$17.94 ,$17.94 ,Successful,4/10/2014,,SBS-6328,,,3611016394,"$3,000 ",$0.00 ,$60.06 ,Enterprise,0
Vulcan Skillet,81486,SCHOOL BOARD WAREHOUSE,4/8/2014,$259.00 ,$5.96 ,0.23,$59.57 ,$59.57 ,Successful,4/8/2014,,SBS-6308,,,3610762685,"$3,000 ",$0.00 ,$199.43 ,Enterprise,0
Hoshizaki Ice Machine,81487,SCHOOL BOARD WAREHOUSE,4/8/2014,$258.00 ,$5.93 ,0.23,$59.34 ,$59.34 ,Successful,4/8/2014,,SBS-6307,,,3610761965,"$3,000 ",$0.00 ,$198.66 ,Enterprise,0
Wooden 2-Drawer Table/Desk,81488,SCHOOL BOARD WAREHOUSE,4/8/2014,$1.00 ,$0.02 ,0.23,$0.23 ,$0.23 ,Successful,4/8/2014,,SBS-6322,,,3610782961,"$3,000 ",$0.00 ,$0.77 ,Enterprise,0
Wooden Table,81489,SCHOOL BOARD WAREHOUSE,4/8/2014,$45.00 ,$1.04 ,0.23,$10.35 ,$10.35 ,Successful,4/9/2014,,SBS-6329B,,,3610912129,"$3,000 ",$0.00 ,$34.65 ,Enterprise,0
Wooden Table,81490,SCHOOL BOARD WAREHOUSE,4/8/2014,$12.00 ,$0.00 ,0.23,$2.76 ,$2.76 ,Successful,4/29/2014,,SBS-6329D,,,Cash,"$3,000 ",$0.00 ,$9.24 ,Enterprise,0
2 Wooden Tables,81491,SCHOOL BOARD WAREHOUSE,4/8/2014,$70.00 ,$1.61 ,0.23,$16.10 ,$16.10 ,Successful,4/9/2014,,SBS-5329A,,,3610912158,"$3,000 ",$0.00 ,$53.90 ,Enterprise,0
Challenge Paper Drill,81492,SCHOOL BOARD WAREHOUSE,4/8/2014,$233.00 ,$0.00 ,0.23,$53.59 ,$53.59 ,Successful,4/14/2014,,SBS-6325,,,Cashiers Check,"$3,000 ",$0.00 ,$179.41 ,Enterprise,0
GE Refrigerator,81493,SCHOOL BOARD WAREHOUSE,4/8/2014,$111.00 ,$0.00 ,0.23,$25.53 ,$25.53 ,Successful,4/8/2014,,SBS-6327,,,Cashiers Check,"$3,000 ",$0.00 ,$85.47 ,Enterprise,0
Power Pack,81494,SCHOOL BOARD WAREHOUSE,4/8/2014,$25.01 ,$0.58 ,0.23,$5.75 ,$5.75 ,Successful,4/14/2014,,SBS-6309,,,3611285412,"$3,000 ",$0.00 ,$19.25 ,Enterprise,0
3 Wheel Chairs,81495,SCHOOL BOARD WAREHOUSE,4/8/2014,$6.00 ,$0.14 ,0.23,$1.38 ,$1.38 ,Successful,4/14/2014,,SBS-6315,,,3611285414,"$3,000 ",$0.00 ,$4.62 ,Enterprise,0
Kitchen Items,81496,SCHOOL BOARD WAREHOUSE,4/8/2014,$105.88 ,$2.44 ,0.23,$24.35 ,$24.35 ,Successful,4/10/2014,,SBS-6334,,,3611016419,"$3,000 ",$0.00 ,$81.52 ,Enterprise,0
10 Student Desks,81497,SCHOOL BOARD WAREHOUSE,4/8/2014,$39.08 ,$0.90 ,0.23,$8.98 ,$8.98 ,Successful,4/8/2014,,SBS-6300A,,,3610771720,"$3,000 ",$0.00 ,$30.09 ,Enterprise,0
11 Student Desks,81498,SCHOOL BOARD WAREHOUSE,4/8/2014,$43.62 ,$1.00 ,0.23,$10.03 ,$10.03 ,Successful,4/8/2014,,SBS-6300B,,,3610771736,"$3,000 ",$0.00 ,$33.58 ,Enterprise,0
5 Sharp Cash Registers,81499,SCHOOL BOARD WAREHOUSE,4/8/2014,$50.01 ,$1.15 ,0.23,$11.50 ,$11.50 ,Successful,4/10/2014,,"SBS-6303, SBS-6304",,,3611016494,"$3,000 ",$0.00 ,$38.50 ,Enterprise,0
Assorted Wheel Chair Trays,81500,SCHOOL BOARD WAREHOUSE,4/8/2014,$5.00 ,$0.12 ,0.23,$1.15 ,$1.15 ,Successful,4/14/2014,,SBS-6318,,,3611285419,"$3,000 ",$0.00 ,$3.85 ,Enterprise,0
Assorted Wedges,81501,SCHOOL BOARD WAREHOUSE,4/8/2014,$8.00 ,$0.18 ,0.23,$1.84 ,$1.84 ,Successful,4/8/2014,,SBS-6319,,,3610783020,"$3,000 ",$0.00 ,$6.16 ,Enterprise,0
4 Chairs,81502,PUBLIC DEFENDER,4/9/2014,$42.00 ,$0.97 ,0.23,$9.66 ,$9.66 ,Successful,4/10/2014,,"78522, 78538, 78542, 78544",,,3611021010,"$3,000 ",$0.00 ,$32.34 ,General Fund,0
8 Chairs,81503,PUBLIC DEFENDER,4/9/2014,$72.64 ,$1.67 ,0.23,$16.70 ,$16.70 ,Successful,4/10/2014,,"78525, 78545, 78543, 78523, 78524, 78540, 78539, 78541",,,3611037057,"$3,000 ",$0.00 ,$55.93 ,General Fund,0
29 Metal Folding Chairs,81504,TENNESSEE STATE FAIR,4/9/2014,$65.00 ,$1.50 ,0.23,$14.95 ,$14.95 ,Successful,4/14/2014,,"SF-77323, SF-77324, SF-77325, SF-77326, SF-77327, SF-77328, SF-77329, SF-77330, SF-77331, SF-77332, SF-77333, SF-77334, SF-77335, SF-77336, SF-77337, SF-77338, SF-77339, SF-77340, SF-77341, SF-77342, SF-77343, SF-77344, SF-77345, SF-77346, SF-77347, SF-77",,,3611317685,"$3,000 ",$0.00 ,$50.05 ,Enterprise,0
Server Rack,81505,TENNESSEE STATE FAIR,4/9/2014,$176.99 ,$4.07 ,0.23,$40.70 ,$40.70 ,Successful,4/10/2014,,SF-77360,,,3611016549,"$3,000 ",$0.00 ,$136.28 ,Enterprise,0
HP Laser Jet 4050 Printer,81506,TENNESSEE STATE FAIR,4/9/2014,$60.00 ,$0.00 ,0.23,$13.80 ,$13.80 ,Successful,4/21/2014,,SF-77364,,,Money Order,"$3,000 ",$0.00 ,$46.20 ,Enterprise,0
PC Accessories,81507,PLANNING,4/9/2014,$7.50 ,$0.17 ,0.23,$1.72 ,$1.72 ,Successful,4/9/2014,,77634,,,3610883032,"$3,000 ",$0.00 ,$5.77 ,General Fund,0
2 Lamps,81508,PLANNING,4/9/2014,$7.51 ,$0.00 ,0.23,$1.72 ,$1.72 ,Successful,4/29/2014,,"77635, 77636",,,Cash,"$3,000 ",$0.00 ,$5.78 ,General Fund,0
2 Rolls of Vellum Paper,81509,PLANNING,4/9/2014,$7.50 ,$0.17 ,0.23,$1.72 ,$1.72 ,Successful,4/9/2014,,77643,,,3610883359,"$3,000 ",$0.00 ,$5.77 ,General Fund,0
Binders,81510,PLANNING,4/9/2014,$12.26 ,$0.28 ,0.23,$2.81 ,$2.81 ,Successful,4/10/2014,,77645,,,3611004132,"$3,000 ",$0.00 ,$9.44 ,General Fund,0
3 Dry Erase Boards,81511,STATE TRIAL COURT,4/9/2014,$17.00 ,$0.39 ,0.23,$3.91 ,$3.91 ,Successful,4/10/2014,,"78626, 78627, 78628",,,3611034107,"$3,000 ",$0.00 ,$13.09 ,General Fund,0
1 Box of Assorted Office Supplies,81512,STATE TRIAL COURT,4/9/2014,$22.00 ,$0.51 ,0.23,$5.06 ,$5.06 ,Successful,4/9/2014,,78630A,,,3610910740,"$3,000 ",$0.00 ,$16.94 ,General Fund,0
Assorted Office Electronics,81513,STATE TRIAL COURT,4/9/2014,$47.00 ,$1.08 ,0.23,$10.81 ,$10.81 ,Successful,4/10/2014,,78630B,,,3611004159,"$3,000 ",$0.00 ,$36.19 ,General Fund,0
Assorted Office Supplies,81514,STATE TRIAL COURT,4/9/2014,$23.00 ,$0.53 ,0.23,$5.29 ,$5.29 ,Successful,4/10/2014,,"78625, 78629, 78631",,,3611004193,"$3,000 ",$0.00 ,$17.71 ,General Fund,0
Dell Server,81516,ITS,4/9/2014,$27.00 ,$0.62 ,0.23,$6.21 ,$6.21 ,Successful,4/10/2014,,77623,,,3610981081,"$3,000 ",$0.00 ,$20.79 ,General Fund,0
Dell Server,81517,ITS,4/9/2014,$32.00 ,$0.74 ,0.23,$7.36 ,$7.36 ,Successful,4/10/2014,,77311,,,3610981092,"$3,000 ",$0.00 ,$24.64 ,General Fund,0
Dell Server,81518,ITS,4/9/2014,$29.00 ,$0.67 ,0.23,$6.67 ,$6.67 ,Successful,4/10/2014,,78494,,,3610981108,"$3,000 ",$0.00 ,$22.33 ,General Fund,0
"Vacant Land - 1824 12th Avenue North, Nashville, TN 37208",81519,PUBLIC PROPERTY,4/16/2014,"$15,100.75 ",$0.00 ,0.03,$453.02 ,$453.02 ,Successful,4/21/2014,,AS-14017,,,Cashiers Check,"$5,000,000,000 ",$0.00 ,"$14,647.72 ",General Fund,0
2 Steelcase Chairs,81520,NASHVILLE CONVENTION CTR,4/10/2014,$30.00 ,$0.69 ,0.23,$6.90 ,$6.90 ,Successful,4/10/2014,,"NCC-74962, NCC-76476",,,3611031609,"$3,000 ",$0.00 ,$23.10 ,Enterprise,0
3 Chairs,81521,NASHVILLE CONVENTION CTR,4/10/2014,$1.00 ,$0.02 ,0.23,$0.23 ,$0.23 ,Successful,5/6/2014,,"NCC-74963, NCC-75491, NCC-76474",,,3613703920,"$3,000 ",$0.00 ,$0.77 ,Enterprise,0
Chair,81522,NASHVILLE CONVENTION CTR,4/10/2014,$1.00 ,$0.02 ,0.23,$0.23 ,$0.23 ,Successful,5/6/2014,,NCC-73836,,,3613703925,"$3,000 ",$0.00 ,$0.77 ,Enterprise,0
Chair,81523,NASHVILLE CONVENTION CTR,4/10/2014,$1.00 ,$0.02 ,0.23,$0.23 ,$0.23 ,Successful,5/6/2014,,NCC-73838,,,3613703928,"$3,000 ",$0.00 ,$0.77 ,Enterprise,0
Steelcase Chair,81524,NASHVILLE CONVENTION CTR,4/10/2014,$1.00 ,$0.02 ,0.23,$0.23 ,$0.23 ,Successful,4/14/2014,,NCC-73834,,,3611291549,"$3,000 ",$0.00 ,$0.77 ,Enterprise,0
2 Steelcase Chairs,81525,WATER SERVICES,4/10/2014,$2.00 ,$0.05 ,0.23,$0.46 ,$0.46 ,Successful,4/15/2014,,"WS-75033, WS-75035",,,3611455820,"$3,000 ",$0.00 ,$1.54 ,Enterprise,0
3 Krueger Chairs,81526,PUBLIC DEFENDER,4/10/2014,$11.00 ,$0.25 ,0.23,$2.53 ,$2.53 ,Successful,4/17/2014,,"75708, 75713, 76178",,,3611616770,"$3,000 ",$0.00 ,$8.47 ,General Fund,0
2 Steelcase Chairs,81527,PUBLIC DEFENDER,4/10/2014,$3.51 ,$0.08 ,0.23,$0.80 ,$0.80 ,Successful,4/15/2014,,"73925, 73926",,,3611410981,"$3,000 ",$0.00 ,$2.70 ,General Fund,0
Steelcase Chair,81528,PUBLIC DEFENDER,4/10/2014,$2.00 ,$0.05 ,0.23,$0.46 ,$0.46 ,Successful,4/14/2014,,76184,,,3611291562,"$3,000 ",$0.00 ,$1.54 ,General Fund,0
Steelcase 3-Drawer File Cabinet,81537,MDHA,4/10/2014,$7.00 ,$0.16 ,0.23,$1.61 ,$1.61 ,Successful,4/10/2014,,MDHA-67675,,,3611018001,"$3,000 ",$0.00 ,$5.39 ,Enterprise,0
Metal Book Case,81538,PUBLIC WORKS,4/10/2014,$7.26 ,$0.17 ,0.23,$1.66 ,$1.66 ,Successful,4/16/2014,,72748,,,3611539617,"$3,000 ",$0.00 ,$5.59 ,General Fund,0
Metal Book Case,81539,PUBLIC WORKS,4/10/2014,$6.00 ,$0.14 ,0.23,$1.38 ,$1.38 ,Successful,4/21/2014,,72747,,,3611911801,"$3,000 ",$0.00 ,$4.62 ,General Fund,0
Dell Rack Console,81540,PUBLIC WORKS,4/3/2014,$11.50 ,$0.26 ,0.23,$2.64 ,$2.64 ,Successful,4/22/2014,,75086,,,3612001981,"$3,000 ",$0.00 ,$8.85 ,General Fund,0
Assorted Auto Parts,81541,HEALTH,4/3/2014,$44.39 ,$1.02 ,0.23,$10.20 ,$10.20 ,Successful,4/3/2014,,77220,,,3610350049,"$3,000 ",$0.00 ,$34.18 ,General Fund,0
25 Dell Computers,81544,ITS,4/7/2014,"$1,575.00 ",$0.00 ,0.23,$362.25 ,$362.25 ,Successful,4/24/2014,,"77582, 77604, 77607, 77577, 77595, 77588, 77580, 77584, 77581, 77596, 77583, 77606, 77594, 77610, 77597, 77569, 77561, 77574, 77557, 77556, 77571, 77572, 77567, 77558, 77550",,,Money Order,"$3,000 ",$0.00 ,"$1,212.75 ",General Fund,0
30 Dell Computers,81545,ITS,4/7/2014,"$2,225.00 ",$0.00 ,0.23,$511.75 ,$511.75 ,Successful,4/15/2014,,"77497, 77495, 77522, 77516, 77554, 77536, 77560, 77533, 77544, 77545, 77508, 77551, 77511, 77503, 77517, 77540, 77523, 77518, 77509, 77501, 77519, 77525, 77548, 77559, 77539, 77524, 77528, 77543, 77506, 77502",,,Cashiers Check,"$3,000 ",$0.00 ,"$1,713.25 ",General Fund,0
35 Dell Computers,81546,ITS,4/7/2014,"$2,450.00 ",$0.00 ,0.23,$563.50 ,$563.50 ,Successful,5/1/2014,,"77530, 77520, 77535, 77555, 77547, 77507, 77496, 77542, 77534, 77527, 77526, 77541, 77514, 77498, 77513, 77564, 77529, 77510, 77565, 77500, 77552, 77570, 77563, 77521, 77538, 77537, 77504, 77546, 77505, 77512, 77562, 77499, 77515, 77531, 77573",,,Cashiers Check,"$3,000 ",$0.00 ,"$1,886.50 ",General Fund,0
1 Box of Power Cords,81547,ITS,4/8/2014,$46.12 ,$0.00 ,0.23,$10.60 ,$10.60 ,Successful,4/10/2014,,75965,,,Money Order,"$3,000 ",$0.00 ,$35.51 ,General Fund,0
6 Dell Laptop Bags,81548,ITS,4/8/2014,$22.51 ,$0.52 ,0.23,$5.17 ,$5.17 ,Successful,4/8/2014,,75964A,,,3610774156,"$3,000 ",$0.00 ,$17.33 ,General Fund,0
8 Dell Laptop Bags,81549,ITS,4/8/2014,$30.00 ,$0.69 ,0.23,$6.90 ,$6.90 ,Successful,4/8/2014,,75964B,,,3610800463,"$3,000 ",$0.00 ,$23.10 ,General Fund,0
Dell Laptop w/Bag,81550,ITS,4/8/2014,$56.22 ,$1.29 ,0.23,$12.93 ,$12.93 ,Successful,4/17/2014,,77057,,,3611610074,"$3,000 ",$0.00 ,$43.28 ,General Fund,0
Dell Laptop w/Bag,81551,ITS,4/8/2014,$76.00 ,$1.75 ,0.23,$17.48 ,$17.48 ,Successful,4/10/2014,,77061,,,3610981659,"$3,000 ",$0.00 ,$58.52 ,General Fund,0
Dell Laptop w/Bag,81552,ITS,4/9/2014,$111.00 ,$2.55 ,0.23,$25.53 ,$25.53 ,Successful,4/10/2014,,77049,,,3610990786,"$3,000 ",$0.00 ,$85.47 ,General Fund,0
Dell Laptop w/Bag,81553,ITS,4/9/2014,$145.00 ,$3.34 ,0.23,$33.35 ,$33.35 ,Successful,4/10/2014,,77089,,,3610981129,"$3,000 ",$0.00 ,$111.65 ,General Fund,0
Dell Laptop w/Bag,81554,ITS,4/9/2014,$145.00 ,$3.34 ,0.23,$33.35 ,$33.35 ,Successful,4/10/2014,,77086,,,3610981136,"$3,000 ",$0.00 ,$111.65 ,General Fund,0
Dell Laptop w/Bag,81555,ITS,4/9/2014,$145.00 ,$3.34 ,0.23,$33.35 ,$33.35 ,Successful,4/10/2014,,77082,,,3610981153,"$3,000 ",$0.00 ,$111.65 ,General Fund,0
Dell Laptop w/Bag,81556,ITS,4/9/2014,$175.00 ,$4.02 ,0.23,$40.25 ,$40.25 ,Successful,4/10/2014,,77098,,,3610981174,"$3,000 ",$0.00 ,$134.75 ,General Fund,0
Dell Laptop w/Bag,81557,ITS,4/10/2014,$103.00 ,$2.37 ,0.23,$23.69 ,$23.69 ,Successful,4/30/2014,,77096,,,3612931164,"$3,000 ",$0.00 ,$79.31 ,General Fund,0
Dell Computer,81558,ITS,4/10/2014,$75.00 ,$1.72 ,0.23,$17.25 ,$17.25 ,Successful,4/10/2014,,77566,,,3611035021,"$3,000 ",$0.00 ,$57.75 ,General Fund,0
Dell Computer,81559,ITS,4/10/2014,$85.00 ,$0.00 ,0.23,$19.55 ,$19.55 ,Successful,4/15/2014,,77605,,,Money Order,"$3,000 ",$0.00 ,$65.45 ,General Fund,0
5 Chairs,81560,PUBLIC LIBRARY,4/10/2014,$45.00 ,$1.04 ,0.23,$10.35 ,$10.35 ,Successful,4/17/2014,,"78380, 78381, 78382, 78383, 78384",,,3611623543,"$3,000 ",$0.00 ,$34.65 ,General Fund,0
Chair,81561,NASHVILLE CONVENTION CTR,4/14/2014,$5.00 ,$0.12 ,0.23,$1.15 ,$1.15 ,Successful,4/15/2014,,NCC-76372,,,3611408790,"$3,000 ",$0.00 ,$3.85 ,Enterprise,0
Metal Shelf,81562,HEALTH,4/14/2014,$47.00 ,$1.08 ,0.23,$10.81 ,$10.81 ,Successful,5/5/2014,,79300,,,3613526416,"$3,000 ",$0.00 ,$36.19 ,General Fund,0
Metal Shelf,81563,HEALTH,4/14/2014,$39.00 ,$0.90 ,0.23,$8.97 ,$8.97 ,Successful,5/5/2014,,79307,,,3613526422,"$3,000 ",$0.00 ,$30.03 ,General Fund,0
Metal Shelf,81564,HEALTH,4/14/2014,$39.00 ,$0.90 ,0.23,$8.97 ,$8.97 ,Successful,5/5/2014,,79299,,,3613525154,"$3,000 ",$0.00 ,$30.03 ,General Fund,0
Metal Shelf,81565,HEALTH,4/14/2014,$43.00 ,$0.99 ,0.23,$9.89 ,$9.89 ,Successful,5/5/2014,,79301,,,3613525162,"$3,000 ",$0.00 ,$33.11 ,General Fund,0
Metal Shelf,81566,HEALTH,4/14/2014,$49.00 ,$1.13 ,0.23,$11.27 ,$11.27 ,Successful,5/5/2014,,79303,,,3613525171,"$3,000 ",$0.00 ,$37.73 ,General Fund,0
Metal Shelf,81567,HEALTH,4/14/2014,$44.00 ,$1.01 ,0.23,$10.12 ,$10.12 ,Successful,5/21/2014,,79302,,,3614880786,"$3,000 ",$0.00 ,$33.88 ,General Fund,0
Metal Book Shelf,81568,HEALTH,4/14/2014,$8.00 ,$0.18 ,0.23,$1.84 ,$1.84 ,Successful,4/14/2014,,79304,,,3611316827,"$3,000 ",$0.00 ,$6.16 ,General Fund,0
Plant-CML Server Rack,81569,ECD COMMUNICATIONS,4/14/2014,$200.00 ,$4.60 ,0.23,$46.00 ,$46.00 ,Successful,4/14/2014,,ECD-79441,,,3611321135,"$3,000 ",$0.00 ,$154.00 ,Enterprise,0
Assorted Cables,81571,ECD COMMUNICATIONS,4/14/2014,$107.56 ,$0.00 ,0.23,$24.73 ,$24.73 ,Successful,5/1/2014,,"ECD-79406, ECD-79407",,,Cashiers Check,"$3,000 ",$0.00 ,$82.82 ,Enterprise,0
Telephone Networking Equipment,81572,ECD COMMUNICATIONS,4/14/2014,$78.00 ,$1.79 ,0.23,$17.94 ,$17.94 ,Successful,5/19/2014,,ECD-79164,,,3614654141,"$3,000 ",$0.00 ,$60.06 ,Enterprise,0
Buffet Table,81573,BRIDGESTONE ARENA,4/14/2014,$67.00 ,$1.54 ,0.23,$15.41 ,$15.41 ,Successful,4/24/2014,,BA-78207,,,3612279979,"$3,000 ",$0.00 ,$51.59 ,Enterprise,0
Rug,81574,METRO ACTION,4/14/2014,$10.00 ,$0.23 ,0.23,$2.30 ,$2.30 ,Successful,4/17/2014,,MAC-74140D,,,3611630499,"$3,000 ",$0.00 ,$7.70 ,Enterprise,0
Rug,81575,METRO ACTION,4/14/2014,$12.88 ,$0.30 ,0.23,$2.96 ,$2.96 ,Successful,4/17/2014,,MAC-74140E,,,3611630517,"$3,000 ",$0.00 ,$9.91 ,Enterprise,0
Rug,81576,METRO ACTION,4/14/2014,$23.88 ,$0.55 ,0.23,$5.49 ,$5.49 ,Successful,4/17/2014,,MAC-74140I,,,3611630540,"$3,000 ",$0.00 ,$18.38 ,Enterprise,0
Rug,81577,METRO ACTION,4/14/2014,$13.25 ,$0.30 ,0.23,$3.04 ,$3.04 ,Successful,4/23/2014,,MAC-74140F,,,3612199515,"$3,000 ",$0.00 ,$10.20 ,Enterprise,0
Rug,81578,METRO ACTION,4/14/2014,$16.88 ,$0.39 ,0.23,$3.88 ,$3.88 ,Successful,4/17/2014,,MAC-74140G,,,3611630568,"$3,000 ",$0.00 ,$12.99 ,Enterprise,0
Rug,81579,METRO ACTION,4/14/2014,$12.00 ,$0.00 ,0.23,$2.76 ,$2.76 ,Successful,4/22/2014,,MAC-74140H,,,Money Order,"$3,000 ",$0.00 ,$9.24 ,Enterprise,0
28 Dell Monitor Stands,81580,ECD COMMUNICATIONS,4/14/2014,$32.00 ,$0.74 ,0.23,$7.36 ,$7.36 ,Successful,4/14/2014,,"ECD-79378, ECD-79379, ECD-79380, ECD-79381, ECD-79382, ECD-79383, ECD-79384, ECD-79385, ECD-79386, ECD-79387, ECD-79388, ECD-79389, ECD-79390, ECD-79391, ECD-79392, ECD-79393, ECD-79394, ECD-79395, ECD-79396, ECD-79397, ECD-79398, ECD-79399, ECD-79400, EC",,,3611331494,"$3,000 ",$0.00 ,$24.64 ,Enterprise,0
2005 Dodge Stratus,81582,OFM-CODES,4/3/2014,$830.00 ,$0.00 ,0.23,$190.90 ,$190.90 ,Successful,4/3/2014,80003633,,P 3040 AN,,Money Order,"$3,000 ",$0.00 ,$639.10 ,Enterprise,0
Dell Latitude C840 Laptop,81584,ITS,4/3/2014,$22.01 ,$0.51 ,0.23,$5.06 ,$5.06 ,Successful,4/6/2014,,75690,,,3610584552,"$3,000 ",$0.00 ,$16.94 ,General Fund,0
PC Accessories,81586,ITS,4/3/2014,$6.00 ,$0.14 ,0.23,$1.38 ,$1.38 ,Successful,4/22/2014,,77617,,,3612001983,"$3,000 ",$0.00 ,$4.62 ,General Fund,0
15 Monitor Stands,81587,ITS,4/3/2014,$8.00 ,$0.00 ,0.23,$1.84 ,$1.84 ,Successful,4/10/2014,,"77477, 77478, 77479, 77480, 77481, 77482, 77483, 77484, 77485, 77486, 77487, 77488, 77489, 77490 77491",,,Money Order,"$3,000 ",$0.00 ,$6.16 ,General Fund,0
3 Power Authority Power Boxes,81588,ITS,4/3/2014,$29.69 ,$0.68 ,0.23,$6.82 ,$6.82 ,Successful,4/9/2014,,"77492, 77493, 77494",,,3610904131,"$3,000 ",$0.00 ,$22.86 ,General Fund,0
4 Dell Laptop Bags,81589,ITS,4/3/2014,$13.00 ,$0.30 ,0.23,$2.99 ,$2.99 ,Successful,4/21/2014,,"77613, 77614, 77615, 77616",,,3611894181,"$3,000 ",$0.00 ,$10.01 ,General Fund,0
2 Chairs,81590,HEALTH,4/3/2014,$2.00 ,$0.05 ,0.23,$0.46 ,$0.46 ,Successful,4/8/2014,,"78637, 78638",,,3610748704,"$3,000 ",$0.00 ,$1.54 ,General Fund,0
Telephones,81609,PUBLIC DEFENDER,4/3/2014,$53.00 ,$1.22 ,0.23,$12.19 ,$12.19 ,Successful,4/6/2014,,76213,,,3610561745,"$3,000 ",$0.00 ,$40.81 ,General Fund,0
HP LaserJet 4,81611,JIS,4/7/2014,$7.60 ,$0.17 ,0.23,$1.74 ,$1.74 ,Successful,4/8/2014,,76199,,,3610794563,"$3,000 ",$0.00 ,$5.85 ,General Fund,0
'Bay Networks' Switch,81612,JIS,4/7/2014,$4.50 ,$0.10 ,0.23,$1.03 ,$1.03 ,Successful,4/7/2014,,76198,,,3610653071,"$3,000 ",$0.00 ,$3.46 ,General Fund,0
'Nortel Networks' Switch,81613,JIS,4/7/2014,$4.50 ,$0.10 ,0.23,$1.03 ,$1.03 ,Successful,4/7/2014,,76200,,,3610653104,"$3,000 ",$0.00 ,$3.46 ,General Fund,0
7 Dell Computers,81614,JIS,4/7/2014,$130.00 ,$2.99 ,0.23,$29.90 ,$29.90 ,Successful,4/7/2014,,"76186, 76188, 76190, 76187, 76191, 76192, 76189",,,3610723618,"$3,000 ",$0.00 ,$100.10 ,General Fund,0
Dell Laptop Bag,81615,PARKS,4/7/2014,$6.00 ,$0.14 ,0.23,$1.38 ,$1.38 ,Successful,4/14/2014,,75083,,,3611331520,"$3,000 ",$0.00 ,$4.62 ,General Fund,0
File Cabinet,81616,PARKS,4/7/2014,$34.01 ,$0.78 ,0.23,$7.82 ,$7.82 ,Successful,4/9/2014,,78476,,,3610904195,"$3,000 ",$0.00 ,$26.18 ,General Fund,0
Table,81617,SURPLUS WAREHOUSE,4/15/2014,$9.00 ,$0.21 ,0.23,$2.07 ,$2.07 ,Successful,4/15/2014,,79443,,,3611420816,"$3,000 ",$0.00 ,$6.93 ,General Fund,0
4 Laptop Bags,81618,SURPLUS WAREHOUSE,4/15/2014,$21.56 ,$0.50 ,0.23,$4.95 ,$4.95 ,Successful,5/1/2014,,79444,,,3613235980,"$3,000 ",$0.00 ,$16.60 ,General Fund,0
Swann Digital Video Recorder,81619,SURPLUS WAREHOUSE,4/15/2014,$35.23 ,$0.81 ,0.23,$8.10 ,$8.10 ,Successful,4/15/2014,,79445,,,3611427408,"$3,000 ",$0.00 ,$27.12 ,General Fund,0
1 Pallet of Assorted Law Books,81620,SURPLUS WAREHOUSE,4/15/2014,$5.17 ,$0.12 ,0.23,$1.18 ,$1.18 ,Successful,5/6/2014,,79446,,,3613703933,"$3,000 ",$0.00 ,$3.98 ,General Fund,0
Sentry Safe,81621,SURPLUS WAREHOUSE,4/15/2014,$2.00 ,$0.05 ,0.23,$0.46 ,$0.46 ,Successful,4/30/2014,,79442,,,3613020485,"$3,000 ",$0.00 ,$1.54 ,General Fund,0
Panasonic CDRW/DVDRW Drive,81622,ECD COMMUNICATIONS,4/15/2014,$2.00 ,$0.00 ,0.23,$0.46 ,$0.46 ,Successful,4/29/2014,,ECD-79408,,,Cash,"$3,000 ",$0.00 ,$1.54 ,Enterprise,0
Avocent Autoview Switch,81623,ECD COMMUNICATIONS,4/15/2014,$1.00 ,$0.02 ,0.23,$0.23 ,$0.23 ,Successful,4/17/2014,,ECD-79409,,,3611641903,"$3,000 ",$0.00 ,$0.77 ,Enterprise,0
Cisco Systems Catalyst 2950 Switch,81624,ECD COMMUNICATIONS,4/15/2014,$21.00 ,$0.00 ,0.23,$4.83 ,$4.83 ,Successful,4/15/2014,,ECD-79410,,,Money Order,"$3,000 ",$0.00 ,$16.17 ,Enterprise,0
7 Dell Optiplex GX620 PC's,81625,ECD COMMUNICATIONS,4/15/2014,$54.56 ,$0.00 ,0.23,$12.54 ,$12.54 ,Successful,4/15/2014,,"ECD-79155, ECD-79156, ECD-79157, ECD-79158, ECD-79291, ECD-79292, ECD-79293",,,Cashiers Check,"$3,000 ",$0.00 ,$42.01 ,Enterprise,0
37 HP Computers,81626,ECD COMMUNICATIONS,4/15/2014,$370.56 ,$8.52 ,0.23,$85.22 ,$85.22 ,Successful,4/22/2014,,"ECD-79130, ECD-79134, ECD-79122, ECD-79152, ECD-79127, ECD-79139, ECD-79151, ECD-79137, ECD-79125, ECD-79140, ECD-79147, ECD-79138, ECD-79129, ECD-79132, ECD-79136, ECD-79126, ECD-79116, ECD-79120, ECD-79141, ECD-79142, ECD-79145, ECD-79144, ECD-79143, EC",,,3612002524,"$3,000 ",$0.00 ,$285.33 ,Enterprise,0
SCIFIT Tread Mill,81627,FIRE,4/15/2014,$57.00 ,$1.31 ,0.23,$13.11 ,$13.11 ,Successful,4/18/2014,,79526,,,3611701685,"$3,000 ",$0.00 ,$43.89 ,General Fund,0
Table,81628,FIRE,4/15/2014,$17.00 ,$0.39 ,0.23,$3.91 ,$3.91 ,Successful,4/15/2014,,79497,,,3611433697,"$3,000 ",$0.00 ,$13.09 ,General Fund,0
Frididaire Refrigerator,81629,FIRE,4/15/2014,$16.00 ,$0.00 ,0.23,$3.68 ,$3.68 ,Successful,4/21/2014,,79523,,,Money Order,"$3,000 ",$0.00 ,$12.32 ,General Fund,0
Table,81630,GENERAL SERVICES,4/15/2014,$3.18 ,$0.07 ,0.23,$0.73 ,$0.73 ,Successful,4/30/2014,,78811,,,3612996675,"$3,000 ",$0.00 ,$2.44 ,General Fund,0
Table,81631,GENERAL SERVICES,4/15/2014,$5.26 ,$0.12 ,0.23,$1.20 ,$1.20 ,Successful,4/17/2014,,78806,,,3611623564,"$3,000 ",$0.00 ,$4.05 ,General Fund,0
Metal Shelf,81632,GENERAL SERVICES,4/15/2014,$25.00 ,$0.58 ,0.23,$5.75 ,$5.75 ,Successful,4/15/2014,,78809,,,3611433754,"$3,000 ",$0.00 ,$19.25 ,General Fund,0
"Dell 19"" Flat Screen Monitor",81633,JUVENILE COURT,4/15/2014,$37.00 ,$0.85 ,0.23,$8.51 ,$8.51 ,Successful,4/15/2014,,79373,,,3611449679,"$3,000 ",$0.00 ,$28.49 ,General Fund,0
"Dell 19"" Flat Screen Monitor",81634,JUVENILE COURT,4/15/2014,$41.00 ,$0.94 ,0.23,$9.43 ,$9.43 ,Successful,4/15/2014,,79370,,,3611449704,"$3,000 ",$0.00 ,$31.57 ,General Fund,0
"Dell 19"" Flat Screen Monitor",81635,JUVENILE COURT,4/15/2014,$37.00 ,$0.85 ,0.23,$8.51 ,$8.51 ,Successful,4/15/2014,,79374,,,3611449751,"$3,000 ",$0.00 ,$28.49 ,General Fund,0
"Dell 17"" Flat Screen Monitor",81636,JUVENILE COURT,4/15/2014,$37.00 ,$0.00 ,0.23,$8.51 ,$8.51 ,Successful,4/15/2014,,79371,,,Money Order,"$3,000 ",$0.00 ,$28.49 ,General Fund,0
Kitchen Items,81637,SCHOOL BOARD WAREHOUSE,4/16/2014,$100.50 ,$2.31 ,0.23,$23.11 ,$23.11 ,Successful,4/17/2014,,SBS-6341A,,,3611623595,"$3,000 ",$0.00 ,$77.38 ,Enterprise,0
Kitchen Items,81638,SCHOOL BOARD WAREHOUSE,4/16/2014,$111.15 ,$2.56 ,0.23,$25.56 ,$25.56 ,Successful,4/17/2014,,SBS-6341B,,,3611623623,"$3,000 ",$0.00 ,$85.58 ,Enterprise,0
Kitchen Items,81639,SCHOOL BOARD WAREHOUSE,4/16/2014,$90.00 ,$2.07 ,0.23,$20.70 ,$20.70 ,Successful,4/17/2014,,SBS-6341C,,,3611606449,"$3,000 ",$0.00 ,$69.30 ,Enterprise,0
Kitchen Items,81641,SCHOOL BOARD WAREHOUSE,4/16/2014,$34.00 ,$0.78 ,0.23,$7.82 ,$7.82 ,Successful,4/21/2014,,SBS-6341E,,,3611895477,"$3,000 ",$0.00 ,$26.18 ,Enterprise,0
Flatware,81642,SCHOOL BOARD WAREHOUSE,4/16/2014,$40.01 ,$0.92 ,0.23,$9.20 ,$9.20 ,Successful,4/21/2014,,SBS-6341F,,,3611895503,"$3,000 ",$0.00 ,$30.80 ,Enterprise,0
Wooden 2-Drawer Desk,81643,SCHOOL BOARD WAREHOUSE,4/16/2014,$21.00 ,$0.48 ,0.23,$4.83 ,$4.83 ,Successful,4/16/2014,,SBS-6332,,,3611542375,"$3,000 ",$0.00 ,$16.17 ,Enterprise,0
Changing Table,81644,SCHOOL BOARD WAREHOUSE,4/16/2014,$21.89 ,$0.50 ,0.23,$5.03 ,$5.03 ,Successful,4/17/2014,,SBS-6317,,,3611632763,"$3,000 ",$0.00 ,$16.85 ,Enterprise,0
2 Rolling Bins,81645,SCHOOL BOARD WAREHOUSE,4/16/2014,$16.00 ,$0.37 ,0.23,$3.68 ,$3.68 ,Successful,5/19/2014,,SBS-6336,,,3614662372,"$3,000 ",$0.00 ,$12.32 ,Enterprise,0
Air Cleaner,81646,SCHOOL BOARD WAREHOUSE,4/16/2014,$249.00 ,$0.00 ,0.23,$57.27 ,$57.27 ,Successful,4/21/2014,,SBS-6340,,,Cashiers Check,"$3,000 ",$0.00 ,$191.73 ,Enterprise,0
3 Walkers,81647,SCHOOL BOARD WAREHOUSE,4/16/2014,$6.00 ,$0.14 ,0.23,$1.38 ,$1.38 ,Successful,4/22/2014,,SBS-6312,,,3612113399,"$3,000 ",$0.00 ,$4.62 ,Enterprise,0
Compact Refrigerator,81648,SCHOOL BOARD WAREHOUSE,4/16/2014,$38.56 ,$0.89 ,0.23,$8.86 ,$8.86 ,Successful,4/18/2014,,SBS-6323,,,3611697962,"$3,000 ",$0.00 ,$29.69 ,Enterprise,0
Nike Cleats,81649,SCHOOL BOARD WAREHOUSE,4/16/2014,$21.00 ,$0.48 ,0.23,$4.83 ,$4.83 ,Successful,4/16/2014,,SBS-6301K,,,3611542524,"$3,000 ",$0.00 ,$16.17 ,Enterprise,0
Nike Cleats,81650,SCHOOL BOARD WAREHOUSE,4/16/2014,$23.00 ,$0.53 ,0.23,$5.29 ,$5.29 ,Successful,4/16/2014,,SBS-6301L,,,3611565560,"$3,000 ",$0.00 ,$17.71 ,Enterprise,0
Nike Cleats,81651,SCHOOL BOARD WAREHOUSE,4/16/2014,$26.00 ,$0.60 ,0.23,$5.98 ,$5.98 ,Successful,4/16/2014,,SBS-6301M,,,3611543089,"$3,000 ",$0.00 ,$20.02 ,Enterprise,0
Nike Cleats,81652,SCHOOL BOARD WAREHOUSE,4/16/2014,$21.00 ,$0.48 ,0.23,$4.83 ,$4.83 ,Successful,4/16/2014,,SBS-6301N,,,3611542817,"$3,000 ",$0.00 ,$16.17 ,Enterprise,0
Nike Cleats,81653,SCHOOL BOARD WAREHOUSE,4/16/2014,$25.00 ,$0.58 ,0.23,$5.75 ,$5.75 ,Successful,4/16/2014,,SBS-6301O,,,3611566003,"$3,000 ",$0.00 ,$19.25 ,Enterprise,0
Nike Cleats,81654,SCHOOL BOARD WAREHOUSE,4/16/2014,$11.99 ,$0.28 ,0.23,$2.75 ,$2.75 ,Successful,4/21/2014,,SBS-6301P,,,3611957003,"$3,000 ",$0.00 ,$9.23 ,Enterprise,0
Nike Cleats,81655,SCHOOL BOARD WAREHOUSE,4/16/2014,$21.00 ,$0.48 ,0.23,$4.83 ,$4.83 ,Successful,4/16/2014,,SBS-6301Q,,,3611543021,"$3,000 ",$0.00 ,$16.17 ,Enterprise,0
18 Dell Computers,81658,ITS,4/17/2014,$860.00 ,$19.78 ,0.23,$197.80 ,$197.80 ,Successful,4/17/2014,,"79067, 79068, 79012, 79018, 79023, 79063, 79039, 79043, 79076, 79065, 79038, 79026, 79070, 79075, 79082, 79022, 79044, 79024",,,3611656875,"$3,000 ",$0.00 ,$662.20 ,General Fund,0
20 Dell Computers,81659,ITS,4/17/2014,$845.00 ,$19.44 ,0.23,$194.35 ,$194.35 ,Successful,4/17/2014,,"79052, 78033, 79083, 79036, 79055, 79034, 79060, 79031, 79057, 79037, 79032, 79035, 79028, 79054, 79053, 79029, 79061, 79049, 79047, 79058",,,3611656902,"$3,000 ",$0.00 ,$650.65 ,General Fund,0
5 Dell Servers,81660,ITS,4/17/2014,$310.03 ,$7.13 ,0.23,$71.30 ,$71.30 ,Successful,4/17/2014,,"78802, 78803, 78804, 78646, 79653",,,3611637581,"$3,000 ",$0.00 ,$238.72 ,General Fund,0
Dell Laptop,81661,ITS,4/17/2014,$22.01 ,$0.51 ,0.23,$5.06 ,$5.06 ,Successful,4/18/2014,,79084,,,3611707204,"$3,000 ",$0.00 ,$16.94 ,General Fund,0
Dell Laptop,81662,ITS,4/17/2014,$36.00 ,$0.83 ,0.23,$8.28 ,$8.28 ,Successful,4/20/2014,,79086,,,3611870340,"$3,000 ",$0.00 ,$27.72 ,General Fund,0
Dell Laptop,81663,ITS,4/17/2014,$68.32 ,$1.57 ,0.23,$15.71 ,$15.71 ,Successful,4/17/2014,,79102,,,3611645916,"$3,000 ",$0.00 ,$52.60 ,General Fund,0
Dell Laptop,81664,ITS,4/17/2014,$134.00 ,$0.00 ,0.23,$30.82 ,$30.82 ,Successful,4/24/2014,,79106,,,Cashiers Check,"$3,000 ",$0.00 ,$103.18 ,General Fund,0
Dell Laptop,81665,ITS,4/17/2014,$125.00 ,$0.00 ,0.23,$28.75 ,$28.75 ,Successful,4/24/2014,,79108,,,Cashiers Check,"$3,000 ",$0.00 ,$96.25 ,General Fund,0
Dell Laptop,81666,ITS,4/17/2014,$81.00 ,$1.86 ,0.23,$18.63 ,$18.63 ,Successful,4/17/2014,,79111,,,3611637603,"$3,000 ",$0.00 ,$62.37 ,General Fund,0
Dell Laptop,81667,ITS,4/17/2014,$71.00 ,$1.63 ,0.23,$16.33 ,$16.33 ,Successful,4/17/2014,,79098,,,3611637625,"$3,000 ",$0.00 ,$54.67 ,General Fund,0
Dell Laptop,81668,ITS,4/17/2014,$23.00 ,$0.53 ,0.23,$5.29 ,$5.29 ,Successful,5/1/2014,,79088,,,3613120909,"$3,000 ",$0.00 ,$17.71 ,General Fund,0
Dell Laptop,81669,ITS,4/17/2014,$52.00 ,$1.20 ,0.23,$11.96 ,$11.96 ,Successful,4/24/2014,,79091,,,3612233951,"$3,000 ",$0.00 ,$40.04 ,General Fund,0
Dell Laptop,81670,ITS,4/17/2014,$46.00 ,$1.06 ,0.23,$10.58 ,$10.58 ,Successful,4/17/2014,,79089,,,3611637650,"$3,000 ",$0.00 ,$35.42 ,General Fund,0
"Dell 19"" Flat Screen Monitor",81671,JUVENILE COURT,4/17/2014,$42.00 ,$0.97 ,0.23,$9.66 ,$9.66 ,Successful,4/17/2014,,79375,,,3611645949,"$3,000 ",$0.00 ,$32.34 ,General Fund,0
"Dell 15"" Flat Screen Monitor",81672,JUVENILE COURT,4/17/2014,$11.00 ,$0.25 ,0.23,$2.53 ,$2.53 ,Successful,4/21/2014,,79372,,,3611957065,"$3,000 ",$0.00 ,$8.47 ,General Fund,0
Canon Printer,81673,JUVENILE COURT,4/17/2014,$52.00 ,$0.00 ,0.23,$11.96 ,$11.96 ,Successful,4/21/2014,,79369,,,Money Order,"$3,000 ",$0.00 ,$40.04 ,General Fund,0
Office Chair,81675,FIRE,4/17/2014,$4.00 ,$0.09 ,0.23,$0.92 ,$0.92 ,Successful,4/21/2014,,79176,,,3611887230,"$3,000 ",$0.00 ,$3.08 ,General Fund,0
Chair,81676,FIRE,4/17/2014,$3.00 ,$0.07 ,0.23,$0.69 ,$0.69 ,Successful,4/22/2014,,79524,,,3612113513,"$3,000 ",$0.00 ,$2.31 ,General Fund,0
Chair,81677,FIRE,4/17/2014,$3.00 ,$0.07 ,0.23,$0.69 ,$0.69 ,Successful,4/22/2014,,79525,,,3612113557,"$3,000 ",$0.00 ,$2.31 ,General Fund,0
File Cabinet,81678,GENERAL SERVICES,4/10/2014,$19.50 ,$0.00 ,0.23,$4.48 ,$4.48 ,Successful,4/14/2014,,79199,,,Cashiers Check,"$3,000 ",$0.00 ,$15.01 ,General Fund,0
File Cabinet,81679,GENERAL SERVICES,4/10/2014,$21.00 ,$0.00 ,0.23,$4.83 ,$4.83 ,Successful,4/14/2014,,79200,,,Cashiers Check,"$3,000 ",$0.00 ,$16.17 ,General Fund,0
File Cabinet,81680,GENERAL SERVICES,4/10/2014,$16.00 ,$0.37 ,0.23,$3.68 ,$3.68 ,Successful,4/10/2014,,79198,,,3611074336,"$3,000 ",$0.00 ,$12.32 ,General Fund,0
File Cabinet,81681,GENERAL SERVICES,4/10/2014,$51.00 ,$1.17 ,0.23,$11.73 ,$11.73 ,Successful,4/10/2014,,79195,,,3611016566,"$3,000 ",$0.00 ,$39.27 ,General Fund,0
File Cabinet,81682,GENERAL SERVICES,4/10/2014,$20.00 ,$0.46 ,0.23,$4.60 ,$4.60 ,Successful,4/10/2014,,79203,,,3611074341,"$3,000 ",$0.00 ,$15.40 ,General Fund,0
File Cabinet,81683,GENERAL SERVICES,4/10/2014,$32.00 ,$0.74 ,0.23,$7.36 ,$7.36 ,Successful,4/10/2014,,78818,,,3611018055,"$3,000 ",$0.00 ,$24.64 ,General Fund,0
File Cabinet,81684,GENERAL SERVICES,4/10/2014,$27.00 ,$0.62 ,0.23,$6.21 ,$6.21 ,Successful,4/17/2014,,78817,,,3611623648,"$3,000 ",$0.00 ,$20.79 ,General Fund,0
File Cabinet,81685,GENERAL SERVICES,4/10/2014,$60.00 ,$1.38 ,0.23,$13.80 ,$13.80 ,Successful,4/10/2014,,79196,,,3611016620,"$3,000 ",$0.00 ,$46.20 ,General Fund,0
Table,81686,GENERAL SERVICES,4/10/2014,$27.00 ,$0.62 ,0.23,$6.21 ,$6.21 ,Successful,5/19/2014,,79219,,,3614662379,"$3,000 ",$0.00 ,$20.79 ,General Fund,0
2 Book Shelves,81687,GENERAL SERVICES,4/10/2014,$11.25 ,$0.26 ,0.23,$2.58 ,$2.58 ,Successful,4/14/2014,,"79209, 79214",,,3611326107,"$3,000 ",$0.00 ,$8.66 ,General Fund,0
Credenza,81688,GENERAL SERVICES,4/14/2014,$11.05 ,$0.25 ,0.23,$2.54 ,$2.54 ,Successful,4/16/2014,,79357,,,3611575284,"$3,000 ",$0.00 ,$8.50 ,General Fund,0
Table & Chairs,81689,GENERAL SERVICES,4/14/2014,$32.00 ,$0.74 ,0.23,$7.36 ,$7.36 ,Successful,4/17/2014,,"79187, 79191, 79193, 79220",,,3611610104,"$3,000 ",$0.00 ,$24.64 ,General Fund,0
2 Wooden Shelves,81690,GENERAL SERVICES,4/14/2014,$33.01 ,$0.76 ,0.23,$7.59 ,$7.59 ,Successful,4/16/2014,,"79211, 79212",,,3611537427,"$3,000 ",$0.00 ,$25.41 ,General Fund,0
Executive Home Office,81691,GENERAL SERVICES,4/14/2014,$87.00 ,$2.00 ,0.23,$20.01 ,$20.01 ,Successful,4/17/2014,,"78826, 79188, 79197, 79218",,,3611639324,"$3,000 ",$0.00 ,$66.99 ,General Fund,0
Table,81692,GENERAL SERVICES,4/14/2014,$3.00 ,$0.07 ,0.23,$0.69 ,$0.69 ,Successful,4/14/2014,,78829,,,3611323607,"$3,000 ",$0.00 ,$2.31 ,General Fund,0
File Cabinet,81693,GENERAL SERVICES,4/14/2014,$22.05 ,$0.51 ,0.23,$5.07 ,$5.07 ,Successful,4/16/2014,,78819,,,3611537457,"$3,000 ",$0.00 ,$16.97 ,General Fund,0
File Cabinet,81694,GENERAL SERVICES,4/14/2014,$22.05 ,$0.51 ,0.23,$5.07 ,$5.07 ,Successful,4/16/2014,,78820,,,3611537487,"$3,000 ",$0.00 ,$16.97 ,General Fund,0
File Cabinet,81695,GENERAL SERVICES,4/14/2014,$19.00 ,$0.44 ,0.23,$4.37 ,$4.37 ,Successful,4/16/2014,,78821,,,3611529367,"$3,000 ",$0.00 ,$14.63 ,General Fund,0
File Cabinet & Shelf,81698,GENERAL SERVICES,4/21/2014,$23.50 ,$0.54 ,0.23,$5.40 ,$5.40 ,Successful,4/22/2014,,"78822, 79213",,,3612002526,"$3,000 ",$0.00 ,$18.09 ,General Fund,0
Home Office,81699,GENERAL SERVICES,4/21/2014,$27.00 ,$0.62 ,0.23,$6.21 ,$6.21 ,Successful,4/22/2014,,"78827, 79192, 79210",,,3612002527,"$3,000 ",$0.00 ,$20.79 ,General Fund,0
Dell Computer,81700,ITS,4/21/2014,$60.00 ,$1.38 ,0.23,$13.80 ,$13.80 ,Successful,4/22/2014,,79040,,,3612047734,"$3,000 ",$0.00 ,$46.20 ,General Fund,0
Dell Computer,81701,ITS,4/21/2014,$75.00 ,$0.00 ,0.23,$17.25 ,$17.25 ,Successful,4/22/2014,,78973,,,Money Order,"$3,000 ",$0.00 ,$57.75 ,General Fund,0
Dell Computer,81702,ITS,4/21/2014,$78.01 ,$0.00 ,0.23,$17.94 ,$17.94 ,Successful,4/22/2014,,78982,,,Money Order,"$3,000 ",$0.00 ,$60.06 ,General Fund,0
Dell Computer,81703,ITS,4/21/2014,$88.00 ,$2.02 ,0.23,$20.24 ,$20.24 ,Successful,5/1/2014,,79072,,,3613149165,"$3,000 ",$0.00 ,$67.76 ,General Fund,0
Dell Computer,81704,ITS,4/21/2014,$82.51 ,$0.00 ,0.23,$18.97 ,$18.97 ,Successful,4/22/2014,,79073,,,Money Order,"$3,000 ",$0.00 ,$63.53 ,General Fund,0
Dell Computer,81705,ITS,4/21/2014,$82.25 ,$1.89 ,0.23,$18.91 ,$18.91 ,Successful,5/1/2014,,79051,,,3613149171,"$3,000 ",$0.00 ,$63.33 ,General Fund,0
Dell Computer,81706,ITS,4/21/2014,$84.51 ,$1.94 ,0.23,$19.43 ,$19.43 ,Successful,4/21/2014,,79048,,,3611940300,"$3,000 ",$0.00 ,$65.07 ,General Fund,0
Dell Computer,81709,ITS,4/21/2014,$68.51 ,$1.58 ,0.23,$15.75 ,$15.75 ,Successful,5/6/2014,,79069,,,3613638740,"$3,000 ",$0.00 ,$52.75 ,General Fund,0
Dell Laptop w/Bag,81710,ITS,4/21/2014,$70.52 ,$0.00 ,0.23,$16.21 ,$16.21 ,Successful,4/22/2014,,79104,,,Money Order,"$3,000 ",$0.00 ,$54.30 ,General Fund,0
Dell Laptop w/Bag,81711,ITS,4/21/2014,$78.00 ,$0.00 ,0.23,$17.94 ,$17.94 ,Successful,4/22/2014,,79105,,,Money Order,"$3,000 ",$0.00 ,$60.06 ,General Fund,0
Dell Laptop w/Bag,81712,ITS,4/21/2014,$70.51 ,$1.62 ,0.23,$16.21 ,$16.21 ,Successful,4/22/2014,,79103,,,3612044429,"$3,000 ",$0.00 ,$54.29 ,General Fund,0
Dell Laptop,81713,ITS,4/21/2014,$130.00 ,$2.99 ,0.23,$29.90 ,$29.90 ,Successful,5/1/2014,,79107,,,3613236263,"$3,000 ",$0.00 ,$100.10 ,General Fund,0
Dell Laptop w/Bag,81714,ITS,4/21/2014,$95.00 ,$2.18 ,0.23,$21.85 ,$21.85 ,Successful,5/6/2014,,79109,,,3613638745,"$3,000 ",$0.00 ,$73.15 ,General Fund,0
Dell Laptop w/Bag,81715,ITS,4/21/2014,$166.75 ,$0.00 ,0.23,$38.35 ,$38.35 ,Successful,4/24/2014,,79112,,,Cashiers Check,"$3,000 ",$0.00 ,$128.39 ,General Fund,0
Dell Laptop,81716,ITS,4/21/2014,$181.00 ,$0.00 ,0.23,$41.63 ,$41.63 ,Successful,4/24/2014,,79114,,,Cashiers Check,"$3,000 ",$0.00 ,$139.37 ,General Fund,0
Dell Laptop w/Bag,81717,ITS,4/21/2014,$175.00 ,$0.00 ,0.23,$40.25 ,$40.25 ,Successful,4/24/2014,,79113,,,Cashiers Check,"$3,000 ",$0.00 ,$134.75 ,General Fund,0
Health-O-Meter Scale,81718,HEALTH,4/15/2014,$4.00 ,$0.00 ,0.23,$0.92 ,$0.92 ,Successful,4/22/2014,,76071,,,Money Order,"$3,000 ",$0.00 ,$3.08 ,General Fund,0
10 Dell Computers,81719,ITS,4/15/2014,$680.00 ,$0.00 ,0.23,$156.40 ,$156.40 ,Successful,4/16/2014,,"75360, 75370, 75361, 75283, 75282, 75362, 75357, 75368, 75351, 75350",,,Money Order,"$3,000 ",$0.00 ,$523.60 ,General Fund,0
Dell Laptop,81720,ITS,4/15/2014,$120.01 ,$2.76 ,0.23,$27.60 ,$27.60 ,Successful,4/24/2014,,75427,,,3612233998,"$3,000 ",$0.00 ,$92.40 ,General Fund,0
Dell Laptop,81721,ITS,4/15/2014,$140.00 ,$3.22 ,0.23,$32.20 ,$32.20 ,Successful,4/22/2014,,75429,,,3612052690,"$3,000 ",$0.00 ,$107.80 ,General Fund,0
Dell Laptop,81722,ITS,4/15/2014,$145.00 ,$3.34 ,0.23,$33.35 ,$33.35 ,Successful,4/22/2014,,75420,,,3612052757,"$3,000 ",$0.00 ,$111.65 ,General Fund,0
Dell Laptop,81723,ITS,4/16/2014,$59.69 ,$1.37 ,0.23,$13.72 ,$13.72 ,Successful,4/24/2014,,75348,,,3612234014,"$3,000 ",$0.00 ,$45.96 ,General Fund,0
Dell Laptop,81724,ITS,4/16/2014,$25.56 ,$0.59 ,0.23,$5.87 ,$5.87 ,Successful,4/21/2014,,75349,,,3611894219,"$3,000 ",$0.00 ,$19.68 ,General Fund,0
Dell Laptop,81725,ITS,4/16/2014,$21.00 ,$0.48 ,0.23,$4.83 ,$4.83 ,Successful,4/17/2014,,75344,,,3611645998,"$3,000 ",$0.00 ,$16.17 ,General Fund,0
Dell Laptop,81726,ITS,4/16/2014,$22.30 ,$0.51 ,0.23,$5.12 ,$5.12 ,Successful,4/17/2014,,75343,,,3611646025,"$3,000 ",$0.00 ,$17.17 ,General Fund,0
Dell Laptop,81727,ITS,4/16/2014,$42.00 ,$0.97 ,0.23,$9.66 ,$9.66 ,Successful,4/16/2014,,75346,,,3611546652,"$3,000 ",$0.00 ,$32.34 ,General Fund,0
Dell Laptop,81728,ITS,4/16/2014,$21.00 ,$0.48 ,0.23,$4.83 ,$4.83 ,Successful,4/21/2014,,75338,,,3611894245,"$3,000 ",$0.00 ,$16.17 ,General Fund,0
Dell Laptop,81729,ITS,4/16/2014,$28.56 ,$0.66 ,0.23,$6.56 ,$6.56 ,Successful,4/21/2014,,75335,,,3611894294,"$3,000 ",$0.00 ,$21.99 ,General Fund,0
Simplex Time Stamp,81730,ELECTION COMMISSION,4/17/2014,$6.50 ,$0.15 ,0.23,$1.49 ,$1.49 ,Successful,4/17/2014,,75634A,,,3611641914,"$3,000 ",$0.00 ,$5.00 ,General Fund,0
Simplex Time Stamp,81731,ELECTION COMMISSION,4/17/2014,$3.00 ,$0.07 ,0.23,$0.69 ,$0.69 ,Successful,4/17/2014,,75634B,,,3611641934,"$3,000 ",$0.00 ,$2.31 ,General Fund,0
"Dell 17"" Flat Screen Monitor",81732,ELECTION COMMISSION,4/17/2014,$16.00 ,$0.37 ,0.23,$3.68 ,$3.68 ,Successful,4/21/2014,,75638,,,3611957138,"$3,000 ",$0.00 ,$12.32 ,General Fund,0
Dell Power Edge 4400 Server,81739,MDHA,4/21/2014,$10.50 ,$0.24 ,0.23,$2.41 ,$2.41 ,Successful,4/21/2014,,MDHA-60464,,,3611930208,"$3,000 ",$0.00 ,$8.08 ,Enterprise,0
"407 35th Avenue N., Nashville, TN 37209",81742,PUBLIC PROPERTY,4/23/2014,"$50,100.00 ",$0.00 ,0.03,"$1,503.00 ","$1,503.00 ",Successful,5/27/2014,,RP-14018,,,Cashiers Check,"$5,000,000,000 ",$0.00 ,"$48,597.00 ",General Fund,0
4 Printers,81743,WATER SERVICES,4/22/2014,$1.00 ,$0.02 ,0.23,$0.23 ,$0.23 ,Successful,4/25/2014,,"WS-74807, WS-74808, WS-74809, WS-74814",,,3612335775,"$3,000 ",$0.00 ,$0.77 ,Enterprise,0
Crate,81744,WATER SERVICES,4/22/2014,$10.01 ,$0.23 ,0.23,$2.30 ,$2.30 ,Successful,4/22/2014,,WS-75030,,,3612043254,"$3,000 ",$0.00 ,$7.70 ,Enterprise,0
Assorted Office Supplies,81745,WATER SERVICES,4/22/2014,$47.00 ,$1.08 ,0.23,$10.81 ,$10.81 ,Successful,4/24/2014,,WS-75046,,,3612261964,"$3,000 ",$0.00 ,$36.19 ,Enterprise,0
Lateral File Cabinet,81746,JUVENILE COURT,4/22/2014,$11.00 ,$0.25 ,0.23,$2.53 ,$2.53 ,Successful,5/12/2014,,73965,,,3614043981,"$3,000 ",$0.00 ,$8.47 ,General Fund,0
Dukane Microfilm Reader,81747,PUBLIC LIBRARY,4/22/2014,$5.50 ,$0.13 ,0.23,$1.26 ,$1.26 ,Successful,4/28/2014,,72184,,,3612624782,"$3,000 ",$0.00 ,$4.23 ,General Fund,0
AV Cart,81748,PARKS,4/22/2014,$3.00 ,$0.07 ,0.23,$0.69 ,$0.69 ,Successful,5/22/2014,,69012,,,3614960919,"$3,000 ",$0.00 ,$2.31 ,General Fund,0
"Quasar 13"" TV/VCR Combo",81749,HEALTH,4/22/2014,$1.00 ,$0.02 ,0.23,$0.23 ,$0.23 ,Successful,4/25/2014,,73759,,,3612335779,"$3,000 ",$0.00 ,$0.77 ,General Fund,0
Wooden Credenza,81750,HEALTH,4/22/2014,$7.52 ,$0.17 ,0.23,$1.72 ,$1.72 ,Successful,4/28/2014,,73753,,,3612591703,"$3,000 ",$0.00 ,$5.79 ,General Fund,0
Steelcase Chair,81751,HEALTH,4/22/2014,$7.00 ,$0.16 ,0.23,$1.61 ,$1.61 ,Successful,4/22/2014,,73745,,,3612055542,"$3,000 ",$0.00 ,$5.39 ,General Fund,0
Chair,81752,HEALTH,4/22/2014,$6.00 ,$0.14 ,0.23,$1.38 ,$1.38 ,Successful,4/22/2014,,73789,,,3612055581,"$3,000 ",$0.00 ,$4.62 ,General Fund,0
Yawman & Rochester File Cabinet,81753,HEALTH,4/22/2014,$3.00 ,$0.07 ,0.23,$0.69 ,$0.69 ,Successful,5/6/2014,,73755,,,3613703934,"$3,000 ",$0.00 ,$2.31 ,General Fund,0
Assorted PC Accessories,81754,ITS,4/22/2014,$47.00 ,$1.08 ,0.23,$10.81 ,$10.81 ,Successful,4/29/2014,,74990,,,3612699554,"$3,000 ",$0.00 ,$36.19 ,General Fund,0
Dell PC/Monitor Combo,81755,ITS,4/22/2014,$13.05 ,$0.30 ,0.23,$3.00 ,$3.00 ,Successful,4/28/2014,,75245,,,3612583571,"$3,000 ",$0.00 ,$10.04 ,General Fund,0
Dell Optiplex GX620,81756,ITS,4/22/2014,$6.00 ,$0.14 ,0.23,$1.38 ,$1.38 ,Successful,5/6/2014,,72299,,,3613638756,"$3,000 ",$0.00 ,$4.62 ,General Fund,0
Dell Optiplex 780,81757,ITS,4/22/2014,$69.00 ,$1.59 ,0.23,$15.87 ,$15.87 ,Successful,4/22/2014,,72295,,,3612047794,"$3,000 ",$0.00 ,$53.13 ,General Fund,0
"3 Dell 19"" Flat Screen Monitors",81758,ITS,4/22/2014,$34.00 ,$0.78 ,0.23,$7.82 ,$7.82 ,Successful,4/22/2014,,"75067, 75069, 75077",,,3612055919,"$3,000 ",$0.00 ,$26.18 ,General Fund,0
Dell Optiplex 755,81765,HEALTH,4/21/2014,$12.01 ,$0.00 ,0.23,$2.76 ,$2.76 ,Successful,4/21/2014,,71018,,,Cashiers Check,"$3,000 ",$0.00 ,$9.24 ,General Fund,0
Dell Laptop,81766,HEALTH,4/21/2014,$52.51 ,$1.21 ,0.23,$12.07 ,$12.07 ,Successful,4/21/2014,,71011,,,3611957187,"$3,000 ",$0.00 ,$40.43 ,General Fund,0
Dell Laptop,81767,HEALTH,4/21/2014,$52.51 ,$1.21 ,0.23,$12.07 ,$12.07 ,Successful,4/21/2014,,70992,,,3611957227,"$3,000 ",$0.00 ,$40.43 ,General Fund,0
Dell Laptop,81768,HEALTH,4/21/2014,$57.51 ,$1.32 ,0.23,$13.22 ,$13.22 ,Successful,4/21/2014,,70993,,,3611957272,"$3,000 ",$0.00 ,$44.28 ,General Fund,0
Dell Laptop,81769,HEALTH,4/21/2014,$55.01 ,$1.27 ,0.23,$12.65 ,$12.65 ,Successful,5/6/2014,,70982,,,3613638768,"$3,000 ",$0.00 ,$42.35 ,General Fund,0
Dell Laptop,81770,HEALTH,4/21/2014,$52.00 ,$1.20 ,0.23,$11.96 ,$11.96 ,Successful,4/21/2014,,70979,,,3611957344,"$3,000 ",$0.00 ,$40.04 ,General Fund,0
Dell Laptop,81771,HEALTH,4/21/2014,$51.00 ,$1.17 ,0.23,$11.73 ,$11.73 ,Successful,5/6/2014,,70983,,,3613638779,"$3,000 ",$0.00 ,$39.27 ,General Fund,0
Assorted Video Equipment,81772,METRO 3,4/21/2014,$34.00 ,$0.78 ,0.23,$7.82 ,$7.82 ,Successful,4/25/2014,,"72230, 72235",,,3612335784,"$3,000 ",$0.00 ,$26.18 ,General Fund,0
12 DT Web Terminals,81773,FIRE,4/21/2014,$28.56 ,$0.66 ,0.23,$6.56 ,$6.56 ,Successful,4/25/2014,,"77859, 77860, 77861, 77862, 77863, 77864, 77867, 77868, 77869, 77870, 77871, 77875",,,3612335791,"$3,000 ",$0.00 ,$21.99 ,General Fund,0
17 Terminals,81774,FIRE,4/22/2014,$38.75 ,$0.89 ,0.23,$8.91 ,$8.91 ,Successful,4/25/2014,,"77866, 77876, 77881, 77882, 77877, 77865, 77872, 77878, 77883, 77884, 77873, 77879, 77885, 77874, 77880, 77886, 77887",,,3612363759,"$3,000 ",$0.00 ,$29.83 ,General Fund,0
Skag Zero Turn Mower,81779,MDHA,4/10/2014,"$2,325.00 ",$53.48 ,0.23,$534.75 ,$534.75 ,Successful,4/10/2014,,,MDHA-Z,,3610998641,"$3,000 ",$0.00 ,"$1,790.25 ",Enterprise,0
2005 John Deere Zero Turn Mower,81780,OFM-PARKS,4/10/2014,"$2,175.00 ",$50.02 ,0.23,$500.25 ,$500.25 ,Successful,4/15/2014,80003375,,29 5283,,3611408446,"$3,000 ",$0.00 ,"$1,674.75 ",Enterprise,0
1998 Westward Industries 3-Wheel Scooter,81781,OFM-PUBLIC WORKS,4/10/2014,$400.00 ,$9.20 ,0.23,$92.00 ,$92.00 ,Successful,4/10/2014,217322,,18D 4100,,3611032435,"$3,000 ",$0.00 ,$308.00 ,Enterprise,0
1996 Westward Industries 3-Wheel Scooter,81782,OFM-PUBLIC WORKS,4/10/2014,$209.00 ,$0.00 ,0.23,$48.07 ,$48.07 ,Successful,4/23/2014,212027,,18D 4094,,Money Order,"$3,000 ",$0.00 ,$160.93 ,Enterprise,0
2005 Ford F-450,81783,OFM-PUBLIC WORKS,4/10/2014,"$1,825.00 ",$41.98 ,0.23,$419.75 ,$419.75 ,Successful,4/17/2014,80003350,,08L 5959,,3611613160,"$3,000 ",$0.00 ,"$1,405.25 ",Enterprise,0
5 Dell Toner Cartridges,81789,PUBLIC DEFENDER,4/22/2014,$42.50 ,$0.98 ,0.23,$9.77 ,$9.77 ,Successful,5/19/2014,,75779,,,3614654143,"$3,000 ",$0.00 ,$32.72 ,General Fund,0
Panasonic Typewriter Ribbons,81790,SOCIAL SERVICES,4/22/2014,$4.50 ,$0.10 ,0.23,$1.03 ,$1.03 ,Successful,5/21/2014,,76544,,,3614883704,"$3,000 ",$0.00 ,$3.46 ,General Fund,0
Nukote Tackless Lift-Off Tape,81791,SOCIAL SERVICES,4/22/2014,$3.00 ,$0.07 ,0.23,$0.69 ,$0.69 ,Successful,4/28/2014,,76547,,,3612624877,"$3,000 ",$0.00 ,$2.31 ,General Fund,0
Fellowes Paper Shredder,81792,SOCIAL SERVICES,4/22/2014,$14.56 ,$0.00 ,0.23,$3.34 ,$3.34 ,Successful,4/29/2014,,76546,,,Money Order,"$3,000 ",$0.00 ,$11.21 ,General Fund,0
Assorted Printer Cartridges,81793,SOCIAL SERVICES,4/22/2014,$40.01 ,$0.92 ,0.23,$9.20 ,$9.20 ,Successful,4/22/2014,,76545,,,3612109839,"$3,000 ",$0.00 ,$30.80 ,General Fund,0
2003 Ford F-250,81795,OFM-HEALTH DEPARTMENT,4/10/2014,"$2,200.01 ",$0.00 ,0.23,$506.00 ,$506.00 ,Successful,4/22/2014,80000433,,P 2813 AL,,Cashiers Check,"$3,000 ",$0.00 ,"$1,694.00 ",Enterprise,0
File Cabinet,81797,GENERAL SERVICES,4/23/2014,$22.01 ,$0.51 ,0.23,$5.06 ,$5.06 ,Successful,4/25/2014,,79201,,,3612336498,"$3,000 ",$0.00 ,$16.94 ,General Fund,0
File Cabinet,81798,GENERAL SERVICES,4/23/2014,$17.00 ,$0.39 ,0.23,$3.91 ,$3.91 ,Successful,4/25/2014,,79202,,,3612336577,"$3,000 ",$0.00 ,$13.09 ,General Fund,0
File Cabinet,81799,GENERAL SERVICES,4/23/2014,$8.25 ,$0.19 ,0.23,$1.89 ,$1.89 ,Successful,4/25/2014,,79204,,,3612336684,"$3,000 ",$0.00 ,$6.35 ,General Fund,0
File Cabinet,81800,GENERAL SERVICES,4/23/2014,$13.00 ,$0.30 ,0.23,$2.99 ,$2.99 ,Successful,4/30/2014,,79208,,,3612935170,"$3,000 ",$0.00 ,$10.01 ,General Fund,0
File Cabinet,81801,GENERAL SERVICES,4/23/2014,$17.00 ,$0.39 ,0.23,$3.91 ,$3.91 ,Successful,4/23/2014,,78808,,,3612158635,"$3,000 ",$0.00 ,$13.09 ,General Fund,0
Locker,81802,GENERAL SERVICES,4/23/2014,$21.00 ,$0.48 ,0.23,$4.83 ,$4.83 ,Successful,5/19/2014,,78805A,,,3614679361,"$3,000 ",$0.00 ,$16.17 ,General Fund,0
Locker,81803,GENERAL SERVICES,4/23/2014,$20.00 ,$0.46 ,0.23,$4.60 ,$4.60 ,Successful,5/14/2014,,78805B,,,3614313681,"$3,000 ",$0.00 ,$15.40 ,General Fund,0
Locker,81804,GENERAL SERVICES,4/23/2014,$20.00 ,$0.46 ,0.23,$4.60 ,$4.60 ,Successful,5/14/2014,,78805C,,,3614313684,"$3,000 ",$0.00 ,$15.40 ,General Fund,0
Locker,81805,GENERAL SERVICES,4/23/2014,$27.00 ,$0.62 ,0.23,$6.21 ,$6.21 ,Successful,5/7/2014,,78805D,,,3613731200,"$3,000 ",$0.00 ,$20.79 ,General Fund,0
Locker,81806,GENERAL SERVICES,4/23/2014,$27.00 ,$0.62 ,0.23,$6.21 ,$6.21 ,Successful,5/7/2014,,78805E,,,3613731216,"$3,000 ",$0.00 ,$20.79 ,General Fund,0
Locker,81807,GENERAL SERVICES,4/23/2014,$27.00 ,$0.62 ,0.23,$6.21 ,$6.21 ,Successful,5/14/2014,,78805F,,,3614313691,"$3,000 ",$0.00 ,$20.79 ,General Fund,0
Desk & Chair,81808,GENERAL SERVICES,4/23/2014,$4.00 ,$0.09 ,0.23,$0.92 ,$0.92 ,Successful,4/23/2014,,"78824, 79279",,,3612158700,"$3,000 ",$0.00 ,$3.08 ,General Fund,0
Lamp,81809,GENERAL SERVICES,4/23/2014,$4.00 ,$0.09 ,0.23,$0.92 ,$0.92 ,Successful,4/23/2014,,79242,,,3612178836,"$3,000 ",$0.00 ,$3.08 ,General Fund,0
Table,81810,GENERAL SERVICES,4/23/2014,$7.00 ,$0.16 ,0.23,$1.61 ,$1.61 ,Successful,5/15/2014,,78828,,,3614433064,"$3,000 ",$0.00 ,$5.39 ,General Fund,0
Desk & Chair,81811,GENERAL SERVICES,4/23/2014,$11.00 ,$0.25 ,0.23,$2.53 ,$2.53 ,Successful,4/23/2014,,"78823, 79190",,,3612163431,"$3,000 ",$0.00 ,$8.47 ,General Fund,0
Coat Rack,81812,GENERAL SERVICES,4/23/2014,$11.69 ,$0.27 ,0.23,$2.68 ,$2.68 ,Successful,4/23/2014,,79243,,,3612162462,"$3,000 ",$0.00 ,$9.00 ,General Fund,0
Shelf,81813,GENERAL SERVICES,4/23/2014,$7.00 ,$0.16 ,0.23,$1.61 ,$1.61 ,Successful,5/1/2014,,79215,,,3613181487,"$3,000 ",$0.00 ,$5.39 ,General Fund,0
Shelf,81814,PUBLIC LIBRARY,4/23/2014,$7.00 ,$0.16 ,0.23,$1.61 ,$1.61 ,Successful,4/24/2014,,78693,,,3612263052,"$3,000 ",$0.00 ,$5.39 ,General Fund,0
Shelf,81815,PUBLIC LIBRARY,4/23/2014,$11.02 ,$0.25 ,0.23,$2.53 ,$2.53 ,Successful,4/24/2014,,78695,,,3612263093,"$3,000 ",$0.00 ,$8.48 ,General Fund,0
Dell Laptop,81845,ITS,4/24/2014,$95.00 ,$2.18 ,0.23,$21.85 ,$21.85 ,Successful,4/24/2014,,75187,,,3612262743,"$3,000 ",$0.00 ,$73.15 ,General Fund,0
Dell Laptop,81847,HEALTH,4/24/2014,$51.00 ,$1.17 ,0.23,$11.73 ,$11.73 ,Successful,4/25/2014,,70990,,,3612430779,"$3,000 ",$0.00 ,$39.27 ,General Fund,0
Dell Laptop,81848,HEALTH,4/24/2014,$52.00 ,$1.20 ,0.23,$11.96 ,$11.96 ,Successful,4/25/2014,,71005,,,3612430785,"$3,000 ",$0.00 ,$40.04 ,General Fund,0
Dell Laptop,81849,HEALTH,4/24/2014,$65.00 ,$1.50 ,0.23,$14.95 ,$14.95 ,Successful,4/25/2014,,70989,,,3612430793,"$3,000 ",$0.00 ,$50.05 ,General Fund,0
Dell Laptop,81851,HEALTH,4/24/2014,$57.00 ,$0.00 ,0.23,$13.11 ,$13.11 ,Successful,4/24/2014,,71002,,,Money Order,"$3,000 ",$0.00 ,$43.89 ,General Fund,0
Dell Laptop,81853,HEALTH,4/24/2014,$68.00 ,$0.00 ,0.23,$15.64 ,$15.64 ,Successful,4/24/2014,,71004,,,Money Order,"$3,000 ",$0.00 ,$52.36 ,General Fund,0
Dell Laptop,81854,HEALTH,4/24/2014,$75.00 ,$1.72 ,0.23,$17.25 ,$17.25 ,Successful,4/24/2014,,70997,,,3612263545,"$3,000 ",$0.00 ,$57.75 ,General Fund,0
Dell Laptop,81855,HEALTH,4/24/2014,$68.00 ,$0.00 ,0.23,$15.64 ,$15.64 ,Successful,5/1/2014,,71001,,,Money Order,"$3,000 ",$0.00 ,$52.36 ,General Fund,0
Dell Laptop,81857,HEALTH,4/24/2014,$74.00 ,$1.70 ,0.23,$17.02 ,$17.02 ,Successful,4/25/2014,,70986,,,3612430801,"$3,000 ",$0.00 ,$56.98 ,General Fund,0
Dell Laptop,81858,HEALTH,4/24/2014,$68.00 ,$1.56 ,0.23,$15.64 ,$15.64 ,Successful,4/25/2014,,70978,,,3612430805,"$3,000 ",$0.00 ,$52.36 ,General Fund,0
Lateral File Cabinet,81862,GENERAL SERVICES,4/24/2014,$25.01 ,$0.58 ,0.23,$5.75 ,$5.75 ,Successful,4/25/2014,,72841,,,3612430810,"$3,000 ",$0.00 ,$19.25 ,General Fund,0
Ceramic Molds,81864,PARKS,4/24/2014,$15.02 ,$0.35 ,0.23,$3.45 ,$3.45 ,Successful,4/30/2014,,79495A,,,3612982452,"$3,000 ",$0.00 ,$11.56 ,General Fund,0
Ceramic Molds,81865,PARKS,4/24/2014,$15.02 ,$0.35 ,0.23,$3.45 ,$3.45 ,Successful,4/30/2014,,79495B,,,3612982468,"$3,000 ",$0.00 ,$11.56 ,General Fund,0
Ceramic Molds,81866,PARKS,4/24/2014,$27.36 ,$0.63 ,0.23,$6.29 ,$6.29 ,Successful,4/30/2014,,79495C,,,3612982488,"$3,000 ",$0.00 ,$21.06 ,General Fund,0
Wooden Desk,81867,WATER SERVICES,4/24/2014,$11.20 ,$0.26 ,0.23,$2.57 ,$2.57 ,Successful,5/1/2014,,WS-79464,,,3613157895,"$3,000 ",$0.00 ,$8.62 ,Enterprise,0
Buffet Table,81871,BRIDGESTONE ARENA,4/24/2014,$20.00 ,$0.46 ,0.23,$4.60 ,$4.60 ,Successful,4/28/2014,,BA-78200,,,3612587772,"$3,000 ",$0.00 ,$15.40 ,Enterprise,0
Clocks,81873,SCHOOL BOARD WAREHOUSE,4/28/2014,$60.00 ,$1.38 ,0.23,$13.80 ,$13.80 ,Successful,4/28/2014,,SBS-6342A,,,3612608832,"$3,000 ",$0.00 ,$46.20 ,Enterprise,0
1 Pallet of Assorted Clocks,81874,SCHOOL BOARD WAREHOUSE,4/28/2014,$68.01 ,$1.56 ,0.23,$15.64 ,$15.64 ,Successful,4/28/2014,,SBS-6342C,,,3612608940,"$3,000 ",$0.00 ,$52.36 ,Enterprise,0
Clocks,81875,SCHOOL BOARD WAREHOUSE,4/28/2014,$61.01 ,$1.40 ,0.23,$14.03 ,$14.03 ,Successful,4/28/2014,,SBS-6343,,,3612609015,"$3,000 ",$0.00 ,$46.97 ,Enterprise,0
5 Clocks,81876,SCHOOL BOARD WAREHOUSE,4/28/2014,$37.01 ,$0.85 ,0.23,$8.51 ,$8.51 ,Successful,4/28/2014,,SBS-6342B,,,3612591158,"$3,000 ",$0.00 ,$28.49 ,Enterprise,0
1 Pallet of Paint,81877,SCHOOL BOARD WAREHOUSE,4/28/2014,$111.00 ,$0.00 ,0.23,$25.53 ,$25.53 ,Successful,4/30/2014,,SBS-6344A,,,Money Order,"$3,000 ",$0.00 ,$85.47 ,Enterprise,0
1 Pallet of Paint,81878,SCHOOL BOARD WAREHOUSE,4/28/2014,$135.01 ,$0.00 ,0.23,$31.05 ,$31.05 ,Successful,4/30/2014,,SBS-6344B,,,Money Order,"$3,000 ",$0.00 ,$103.95 ,Enterprise,0
1 Pallet of Paint,81879,SCHOOL BOARD WAREHOUSE,4/28/2014,$165.02 ,$0.00 ,0.23,$37.95 ,$37.95 ,Successful,5/1/2014,,SBS-6344C,,,Money Order,"$3,000 ",$0.00 ,$127.06 ,Enterprise,0
Lawn Mower Parts,81880,SCHOOL BOARD WAREHOUSE,4/28/2014,$350.00 ,$8.05 ,0.23,$80.50 ,$80.50 ,Successful,4/30/2014,,"SBS-6310, SBS-6345",,,3612927529,"$3,000 ",$0.00 ,$269.50 ,Enterprise,0
Sink,81883,SCHOOL BOARD WAREHOUSE,4/28/2014,$57.00 ,$1.31 ,0.23,$13.11 ,$13.11 ,Successful,5/5/2014,,SBS-6289,,,3613492839,"$3,000 ",$0.00 ,$43.89 ,Enterprise,0
3 Tumbling Forms,81884,SCHOOL BOARD WAREHOUSE,4/28/2014,$8.00 ,$0.18 ,0.23,$1.84 ,$1.84 ,Successful,4/30/2014,,SBS-6314,,,3612963733,"$3,000 ",$0.00 ,$6.16 ,Enterprise,0
Nike Cleats,81885,SCHOOL BOARD WAREHOUSE,4/28/2014,$21.00 ,$0.48 ,0.23,$4.83 ,$4.83 ,Successful,4/28/2014,,SBS-6301R,,,3612607820,"$3,000 ",$0.00 ,$16.17 ,Enterprise,0
Nike Cleats,81886,SCHOOL BOARD WAREHOUSE,4/28/2014,$21.00 ,$0.48 ,0.23,$4.83 ,$4.83 ,Successful,4/28/2014,,SBS-6301S,,,3612608149,"$3,000 ",$0.00 ,$16.17 ,Enterprise,0
Nike Cleats,81887,SCHOOL BOARD WAREHOUSE,4/28/2014,$23.00 ,$0.00 ,0.23,$5.29 ,$5.29 ,Successful,4/29/2014,,SBS-6301T,,,Cashiers Check,"$3,000 ",$0.00 ,$17.71 ,Enterprise,0
Nike Cleats,81888,SCHOOL BOARD WAREHOUSE,4/28/2014,$23.00 ,$0.00 ,0.23,$5.29 ,$5.29 ,Successful,4/29/2014,,SBS-6301U,,,Cashiers Check,"$3,000 ",$0.00 ,$17.71 ,Enterprise,0
Nike Cleats,81889,SCHOOL BOARD WAREHOUSE,4/28/2014,$21.00 ,$0.48 ,0.23,$4.83 ,$4.83 ,Successful,4/28/2014,,SBS-6301V,,,3612608510,"$3,000 ",$0.00 ,$16.17 ,Enterprise,0
Shelves,81891,PUBLIC LIBRARY,4/24/2014,$30.00 ,$0.69 ,0.23,$6.90 ,$6.90 ,Successful,4/24/2014,,"78692, 78694",,,3612275342,"$3,000 ",$0.00 ,$23.10 ,General Fund,0
Locker,81892,GENERAL SERVICES,4/24/2014,$27.01 ,$0.62 ,0.23,$6.21 ,$6.21 ,Successful,5/14/2014,,78805G,,,3614313697,"$3,000 ",$0.00 ,$20.79 ,General Fund,0
Locker,81893,GENERAL SERVICES,4/24/2014,$20.01 ,$0.46 ,0.23,$4.60 ,$4.60 ,Successful,5/14/2014,,78805H,,,3614313704,"$3,000 ",$0.00 ,$15.40 ,General Fund,0
Locker,81894,GENERAL SERVICES,4/24/2014,$21.00 ,$0.48 ,0.23,$4.83 ,$4.83 ,Successful,5/14/2014,,78805I,,,3614313711,"$3,000 ",$0.00 ,$16.17 ,General Fund,0
Locker,81895,GENERAL SERVICES,4/24/2014,$25.52 ,$0.59 ,0.23,$5.86 ,$5.86 ,Successful,5/14/2014,,78805J,,,3614313717,"$3,000 ",$0.00 ,$19.65 ,General Fund,0
Locker,81896,GENERAL SERVICES,4/24/2014,$16.01 ,$0.37 ,0.23,$3.68 ,$3.68 ,Successful,5/14/2014,,78805K,,,3614313723,"$3,000 ",$0.00 ,$12.32 ,General Fund,0
2 Chairs,81898,GENERAL SERVICES,4/24/2014,$16.05 ,$0.00 ,0.23,$3.69 ,$3.69 ,Successful,4/28/2014,,"78771, 79189",,,Money Order,"$3,000 ",$0.00 ,$12.35 ,General Fund,0
2 Chairs,81899,GENERAL SERVICES,4/24/2014,$20.01 ,$0.00 ,0.23,$4.60 ,$4.60 ,Successful,4/29/2014,,"78755, 78779",,,Money Order,"$3,000 ",$0.00 ,$15.40 ,General Fund,0
2 Chairs,81900,GENERAL SERVICES,4/24/2014,$6.00 ,$0.14 ,0.23,$1.38 ,$1.38 ,Successful,4/26/2014,,"79185, 79186",,,3612489465,"$3,000 ",$0.00 ,$4.62 ,General Fund,0
Dell Computer,81901,ITS,4/28/2014,$88.00 ,$0.00 ,0.23,$20.24 ,$20.24 ,Successful,5/22/2014,,78934,,,Money Order,"$3,000 ",$0.00 ,$67.76 ,General Fund,0
Dell Computer,81902,ITS,4/28/2014,$78.00 ,$0.00 ,0.23,$17.94 ,$17.94 ,Successful,4/30/2014,,78922,,,Cash,"$3,000 ",$0.00 ,$60.06 ,General Fund,0
Dell Computer,81903,ITS,4/28/2014,$90.00 ,$2.07 ,0.23,$20.70 ,$20.70 ,Successful,4/28/2014,,78993,,,3612598634,"$3,000 ",$0.00 ,$69.30 ,General Fund,0
Dell Computer,81904,ITS,4/28/2014,$98.00 ,$2.25 ,0.23,$22.54 ,$22.54 ,Successful,5/1/2014,,78984,,,3613149187,"$3,000 ",$0.00 ,$75.46 ,General Fund,0
Dell Computer,81905,ITS,4/28/2014,$99.00 ,$2.28 ,0.23,$22.77 ,$22.77 ,Successful,5/1/2014,,78950,,,3613149192,"$3,000 ",$0.00 ,$76.23 ,General Fund,0
Dell Computer,81906,ITS,4/28/2014,$101.00 ,$0.00 ,0.23,$23.23 ,$23.23 ,Successful,4/30/2014,,78937,,,Cash,"$3,000 ",$0.00 ,$77.77 ,General Fund,0
Dell Computer,81907,ITS,4/28/2014,$101.00 ,$2.32 ,0.23,$23.23 ,$23.23 ,Successful,4/28/2014,,78956,,,3612598701,"$3,000 ",$0.00 ,$77.77 ,General Fund,0
Dell Computer,81908,ITS,4/28/2014,$98.01 ,$0.00 ,0.23,$22.54 ,$22.54 ,Successful,5/7/2014,,78988,,,Money Order,"$3,000 ",$0.00 ,$75.46 ,General Fund,0
Dell Computer,81909,ITS,4/28/2014,$99.01 ,$0.00 ,0.23,$22.77 ,$22.77 ,Successful,5/1/2014,,78916,,,Money Order,"$3,000 ",$0.00 ,$76.23 ,General Fund,0
Dell Computer,81910,ITS,4/28/2014,$106.00 ,$0.00 ,0.23,$24.38 ,$24.38 ,Successful,5/1/2014,,79064,,,Money Order,"$3,000 ",$0.00 ,$81.62 ,General Fund,0
4 Printers & 2 Fax Machines,81911,HEALTH,4/29/2014,$8.00 ,$0.18 ,0.23,$1.84 ,$1.84 ,Successful,5/1/2014,,"76593, 76594, 76595, 76596, 76598, 76599",,,3613103673,"$3,000 ",$0.00 ,$6.16 ,General Fund,0
Health-O-Meter Scale,81912,HEALTH,4/29/2014,$1.00 ,$0.02 ,0.23,$0.23 ,$0.23 ,Successful,4/30/2014,,76069,,,3612963746,"$3,000 ",$0.00 ,$0.77 ,General Fund,0
Tanita Baby Scale,81913,HEALTH,4/29/2014,$7.25 ,$0.17 ,0.23,$1.66 ,$1.66 ,Successful,4/30/2014,,76070,,,3612920369,"$3,000 ",$0.00 ,$5.58 ,General Fund,0
Xerox Documate 152,81915,SOCIAL SERVICES,4/29/2014,$37.99 ,$0.87 ,0.23,$8.73 ,$8.73 ,Successful,5/5/2014,,76533,,,3613511975,"$3,000 ",$0.00 ,$29.25 ,General Fund,0
Dell Laptop,81916,DISTRICT ATTORNEY,4/29/2014,$11.00 ,$0.00 ,0.23,$2.53 ,$2.53 ,Successful,5/6/2014,,DA69327,,,Cashiers Check,"$3,000 ",$0.00 ,$8.47 ,Enterprise,0
Dell Optiplex GX150,81917,GENERAL SESSIONS COURT,4/29/2014,$1.00 ,$0.02 ,0.23,$0.23 ,$0.23 ,Successful,4/30/2014,,67528,,,3612963768,"$3,000 ",$0.00 ,$0.77 ,General Fund,0
"2 Dell 17"" Flat Screen Monitors",81918,WATER SERVICES,4/29/2014,$12.00 ,$0.28 ,0.23,$2.76 ,$2.76 ,Successful,4/29/2014,,"WS-79467, WS-79468",,,3612729943,"$3,000 ",$0.00 ,$9.24 ,Enterprise,0
2 Dell Precision 490 Computers,81919,WATER SERVICES,4/29/2014,$57.00 ,$1.31 ,0.23,$13.11 ,$13.11 ,Successful,5/1/2014,,"WS-74810, WS-74811",,,3613149202,"$3,000 ",$0.00 ,$43.89 ,Enterprise,0
"Toshiba 20"" Television",81920,RADIO COMMUNICATIONS,4/29/2014,$3.00 ,$0.07 ,0.23,$0.69 ,$0.69 ,Successful,4/30/2014,,RC-70413,,,3612963785,"$3,000 ",$0.00 ,$2.31 ,Enterprise,0
Buffet Table,81921,BRIDGESTONE ARENA,4/29/2014,$57.00 ,$1.31 ,0.23,$13.11 ,$13.11 ,Successful,4/29/2014,,BA-78202,,,3612732180,"$3,000 ",$0.00 ,$43.89 ,Enterprise,0
Buffet Table,81922,BRIDGESTONE ARENA,4/29/2014,$43.00 ,$0.99 ,0.23,$9.89 ,$9.89 ,Successful,4/30/2014,,BA-78204,,,3613037647,"$3,000 ",$0.00 ,$33.11 ,Enterprise,0
Buffet Table,81923,BRIDGESTONE ARENA,4/29/2014,$21.00 ,$0.48 ,0.23,$4.83 ,$4.83 ,Successful,4/30/2014,,BA-78205,,,3613037662,"$3,000 ",$0.00 ,$16.17 ,Enterprise,0
Buffet Table,81924,BRIDGESTONE ARENA,4/29/2014,$22.50 ,$0.52 ,0.23,$5.17 ,$5.17 ,Successful,4/30/2014,,BA-78199,,,3613037681,"$3,000 ",$0.00 ,$17.32 ,Enterprise,0
27 Assorted Rims,81936,OFM,4/29/2014,$62.00 ,$1.43 ,0.23,$14.26 ,$14.26 ,Successful,4/30/2014,,OFM-77410,,,3612925045,"$3,000 ",$0.00 ,$47.74 ,Enterprise,0
Radiator Cores,81938,OFM,4/29/2014,$57.00 ,$1.31 ,0.23,$13.11 ,$13.11 ,Successful,4/30/2014,,OFM-77299,,,3613007550,"$3,000 ",$0.00 ,$43.89 ,Enterprise,0
Hot Point Refrigerator,81940,ECD COMMUNICATIONS,4/29/2014,$9.00 ,$0.21 ,0.23,$2.07 ,$2.07 ,Successful,5/1/2014,,ECD-76482,,,3613151553,"$3,000 ",$0.00 ,$6.93 ,Enterprise,0
Global File Cabinet,81941,HEALTH,4/29/2014,$10.00 ,$0.23 ,0.23,$2.30 ,$2.30 ,Successful,5/5/2014,,77696,,,3613492850,"$3,000 ",$0.00 ,$7.70 ,General Fund,0
Makita 18v Reciprocating Saw,81946,SCHOOL BOARD WAREHOUSE,4/29/2014,$58.00 ,$1.33 ,0.23,$13.34 ,$13.34 ,Successful,4/30/2014,,SBS-6290C,,,3612981911,"$3,000 ",$0.00 ,$44.66 ,Enterprise,0
Makita 18v Hammer Drill,81947,SCHOOL BOARD WAREHOUSE,4/29/2014,$21.00 ,$0.48 ,0.23,$4.83 ,$4.83 ,Successful,4/30/2014,,SBS-6290D,,,3612964703,"$3,000 ",$0.00 ,$16.17 ,Enterprise,0
"408 37th Avenue N, Nashville, TN 37209",81948,PUBLIC PROPERTY,5/7/2014,"$26,400.00 ",$0.00 ,0.03,$792.00 ,$792.00 ,Successful,5/30/2014,,RP14019,,,Cashiers Check,"$5,000,000,000 ",$0.00 ,"$25,608.00 ",General Fund,0
Werner 8ft. Ladder,81955,SCHOOL BOARD WAREHOUSE,4/30/2014,$28.00 ,$0.64 ,0.23,$6.44 ,$6.44 ,Successful,5/14/2014,,SBS-6311,,,3614330272,"$3,000 ",$0.00 ,$21.56 ,Enterprise,0
Mats & Carrier,81956,SCHOOL BOARD WAREHOUSE,4/30/2014,$21.00 ,$0.48 ,0.23,$4.83 ,$4.83 ,Successful,4/30/2014,,SBS-6316,,,3612966712,"$3,000 ",$0.00 ,$16.17 ,Enterprise,0
2 Calculators,81957,SCHOOL BOARD WAREHOUSE,4/30/2014,$5.50 ,$0.13 ,0.23,$1.26 ,$1.26 ,Successful,5/1/2014,,SBS-6305,,,3613103674,"$3,000 ",$0.00 ,$4.23 ,Enterprise,0
Chair,81958,SCHOOL BOARD WAREHOUSE,4/30/2014,$5.99 ,$0.14 ,0.23,$1.37 ,$1.37 ,Successful,5/6/2014,,SBS-6331,,,3613703359,"$3,000 ",$0.00 ,$4.61 ,Enterprise,0
Paper Roll Holder,81959,SCHOOL BOARD WAREHOUSE,4/30/2014,$25.55 ,$0.59 ,0.23,$5.87 ,$5.87 ,Successful,5/27/2014,,SBS-6326,,,3615314541,"$3,000 ",$0.00 ,$19.67 ,Enterprise,0
2 Tables,81960,SCHOOL BOARD WAREHOUSE,4/30/2014,$7.00 ,$0.16 ,0.23,$1.61 ,$1.61 ,Successful,4/30/2014,,SBS-6282A,,,3612968243,"$3,000 ",$0.00 ,$5.39 ,Enterprise,0
2 Tables,81961,SCHOOL BOARD WAREHOUSE,4/30/2014,$6.00 ,$0.00 ,0.23,$1.38 ,$1.38 ,Successful,5/8/2014,,SBS-6282B,,,Money Order,"$3,000 ",$0.00 ,$4.62 ,Enterprise,0
2 Tables,81962,SCHOOL BOARD WAREHOUSE,4/30/2014,$9.00 ,$0.00 ,0.23,$2.07 ,$2.07 ,Successful,5/8/2014,,SBS-6282C,,,Money Order,"$3,000 ",$0.00 ,$6.93 ,Enterprise,0
2 Tables,81963,SCHOOL BOARD WAREHOUSE,4/30/2014,$6.01 ,$0.14 ,0.23,$1.38 ,$1.38 ,Successful,4/30/2014,,SBS-6282D,,,3612957608,"$3,000 ",$0.00 ,$4.62 ,Enterprise,0
2 Tables,81964,SCHOOL BOARD WAREHOUSE,4/30/2014,$5.01 ,$0.12 ,0.23,$1.15 ,$1.15 ,Successful,5/2/2014,,SBS-6282E,,,3613247660,"$3,000 ",$0.00 ,$3.85 ,Enterprise,0
2 Tables,81965,SCHOOL BOARD WAREHOUSE,4/30/2014,$5.01 ,$0.12 ,0.23,$1.15 ,$1.15 ,Successful,5/2/2014,,SBS-6282F,,,3613247779,"$3,000 ",$0.00 ,$3.85 ,Enterprise,0
Table,81966,SCHOOL BOARD WAREHOUSE,4/30/2014,$5.00 ,$0.12 ,0.23,$1.15 ,$1.15 ,Successful,5/5/2014,,SBS-6282G,,,3613553846,"$3,000 ",$0.00 ,$3.85 ,Enterprise,0
7 Cash Boxes,81967,SCHOOL BOARD WAREHOUSE,4/30/2014,$21.01 ,$0.48 ,0.23,$4.83 ,$4.83 ,Successful,4/30/2014,,SBS-6359A,,,3612963825,"$3,000 ",$0.00 ,$16.17 ,Enterprise,0
10 Fryer Baskets,81968,SCHOOL BOARD WAREHOUSE,4/30/2014,$18.00 ,$0.41 ,0.23,$4.14 ,$4.14 ,Successful,5/8/2014,,SBS-6359B,,,3613857569,"$3,000 ",$0.00 ,$13.86 ,Enterprise,0
Cash Register Paper,81969,SCHOOL BOARD WAREHOUSE,4/30/2014,$11.00 ,$0.00 ,0.23,$2.53 ,$2.53 ,Successful,5/5/2014,,SBS-6359C,,,Cashiers Check,"$3,000 ",$0.00 ,$8.47 ,Enterprise,0
Assorted Kitchen Items,81970,SCHOOL BOARD WAREHOUSE,4/30/2014,$64.00 ,$1.47 ,0.23,$14.72 ,$14.72 ,Successful,4/30/2014,,SBS-6359D,,,3612969129,"$3,000 ",$0.00 ,$49.28 ,Enterprise,0
3 Warming Cabinets,81971,SCHOOL BOARD WAREHOUSE,4/30/2014,$233.00 ,$5.36 ,0.23,$53.59 ,$53.59 ,Successful,4/30/2014,,SBS-6354,,,3612965005,"$3,000 ",$0.00 ,$179.41 ,Enterprise,0
Sharp ER-A470 Electric Cash Register,81972,SCHOOL BOARD WAREHOUSE,4/30/2014,$19.00 ,$0.00 ,0.23,$4.37 ,$4.37 ,Successful,5/5/2014,,SBS-6353,,,Cashiers Check,"$3,000 ",$0.00 ,$14.63 ,Enterprise,0
2 Swing Seats,81974,SCHOOL BOARD WAREHOUSE,4/30/2014,$7.00 ,$0.16 ,0.23,$1.61 ,$1.61 ,Successful,4/30/2014,,SBS-6313,,,3612967227,"$3,000 ",$0.00 ,$5.39 ,Enterprise,0
Boling Credenza,81975,GENERAL SERVICES,5/1/2014,$20.05 ,$0.46 ,0.23,$4.61 ,$4.61 ,Successful,5/1/2014,,80052,,,3613135508,"$3,000 ",$0.00 ,$15.43 ,General Fund,0
Wooden Book Shelf,81976,GENERAL SERVICES,5/1/2014,$5.26 ,$0.12 ,0.23,$1.20 ,$1.20 ,Successful,5/27/2014,,80075,,,3615288777,"$3,000 ",$0.00 ,$4.05 ,General Fund,0
Wooden TV Cabinet,81977,GENERAL SERVICES,5/1/2014,$1.00 ,$0.02 ,0.23,$0.23 ,$0.23 ,Successful,5/1/2014,,80053,,,3613169063,"$3,000 ",$0.00 ,$0.77 ,General Fund,0
Wooden File Cabinet,81978,GENERAL SERVICES,5/1/2014,$7.25 ,$0.17 ,0.23,$1.66 ,$1.66 ,Successful,5/1/2014,,80054,,,3613169075,"$3,000 ",$0.00 ,$5.58 ,General Fund,0
Table,81979,GENERAL SERVICES,5/1/2014,$1.00 ,$0.02 ,0.23,$0.23 ,$0.23 ,Successful,5/7/2014,,80089,,,3613715928,"$3,000 ",$0.00 ,$0.77 ,General Fund,0
File Cabinet,81980,GENERAL SERVICES,5/1/2014,$5.52 ,$0.13 ,0.23,$1.26 ,$1.26 ,Successful,5/1/2014,,80055,,,3613137137,"$3,000 ",$0.00 ,$4.25 ,General Fund,0
Wooden Book Case,81981,GENERAL SERVICES,5/1/2014,$10.00 ,$0.23 ,0.23,$2.30 ,$2.30 ,Successful,5/5/2014,,80076,,,3613519107,"$3,000 ",$0.00 ,$7.70 ,General Fund,0
File Cabinet,81982,GENERAL SERVICES,5/1/2014,$12.00 ,$0.28 ,0.23,$2.76 ,$2.76 ,Successful,5/1/2014,,80074,,,3613169086,"$3,000 ",$0.00 ,$9.24 ,General Fund,0
Haworth Desk,81983,GENERAL SERVICES,5/1/2014,$6.26 ,$0.14 ,0.23,$1.43 ,$1.43 ,Successful,5/5/2014,,80038,,,3613511983,"$3,000 ",$0.00 ,$4.82 ,General Fund,0
Tennsco Book Case,81984,GENERAL SERVICES,5/1/2014,$16.06 ,$0.37 ,0.23,$3.69 ,$3.69 ,Successful,5/7/2014,,80077,,,3613735964,"$3,000 ",$0.00 ,$12.36 ,General Fund,0
Wooden Book Case,81985,GENERAL SERVICES,5/1/2014,$27.00 ,$0.62 ,0.23,$6.21 ,$6.21 ,Successful,5/1/2014,,80081,,,3613140773,"$3,000 ",$0.00 ,$20.79 ,General Fund,0
Book Case,81986,GENERAL SERVICES,5/1/2014,$20.00 ,$0.46 ,0.23,$4.60 ,$4.60 ,Successful,5/5/2014,,80082,,,3613492873,"$3,000 ",$0.00 ,$15.40 ,General Fund,0
Steelcase Desk w/Return,81987,GENERAL SERVICES,5/1/2014,$11.00 ,$0.25 ,0.23,$2.53 ,$2.53 ,Successful,5/6/2014,,80039,,,3613703362,"$3,000 ",$0.00 ,$8.47 ,General Fund,0
Desk w/Return,81988,GENERAL SERVICES,5/1/2014,$68.00 ,$1.56 ,0.23,$15.64 ,$15.64 ,Successful,5/1/2014,,80040,,,3613144827,"$3,000 ",$0.00 ,$52.36 ,General Fund,0
Book Case,81989,GENERAL SERVICES,5/1/2014,$22.25 ,$0.51 ,0.23,$5.11 ,$5.11 ,Successful,5/1/2014,,80078,,,3613145047,"$3,000 ",$0.00 ,$17.13 ,General Fund,0
Floor Lamp,81991,GENERAL SERVICES,5/1/2014,$16.00 ,$0.37 ,0.23,$3.68 ,$3.68 ,Successful,5/1/2014,,80092,,,3613145226,"$3,000 ",$0.00 ,$12.32 ,General Fund,0
Table,81992,GENERAL SERVICES,5/1/2014,$6.00 ,$0.14 ,0.23,$1.38 ,$1.38 ,Successful,5/6/2014,,80111,,,3613680237,"$3,000 ",$0.00 ,$4.62 ,General Fund,0
Chair,81993,GENERAL SERVICES,5/1/2014,$2.00 ,$0.05 ,0.23,$0.46 ,$0.46 ,Successful,5/6/2014,,80017,,,3613680242,"$3,000 ",$0.00 ,$1.54 ,General Fund,0
2 Chairs,81994,GENERAL SERVICES,5/1/2014,$10.01 ,$0.23 ,0.23,$2.30 ,$2.30 ,Successful,5/1/2014,,"80014, 80018",,,3613169092,"$3,000 ",$0.00 ,$7.70 ,General Fund,0
2 Steelcase Chairs,81995,GENERAL SERVICES,5/1/2014,$11.99 ,$0.28 ,0.23,$2.75 ,$2.75 ,Successful,5/1/2014,,"80015, 80016",,,3613169099,"$3,000 ",$0.00 ,$9.23 ,General Fund,0
Dell Laptop,81996,ITS,4/30/2014,$35.01 ,$0.81 ,0.23,$8.05 ,$8.05 ,Successful,4/30/2014,,74547,,,3613019478,"$3,000 ",$0.00 ,$26.95 ,General Fund,0
Dell Laptop,81997,ITS,4/30/2014,$41.00 ,$0.00 ,0.23,$9.43 ,$9.43 ,Successful,5/19/2014,,75341,,,Money Order,"$3,000 ",$0.00 ,$31.57 ,General Fund,0
Dell Laptop,81998,HEALTH,4/30/2014,$58.00 ,$0.00 ,0.23,$13.34 ,$13.34 ,Successful,5/19/2014,,71014,,,Money Order,"$3,000 ",$0.00 ,$44.66 ,General Fund,0
Dell Laptop,81999,HEALTH,4/30/2014,$47.63 ,$0.00 ,0.23,$10.95 ,$10.95 ,Successful,5/19/2014,,71013,,,Money Order,"$3,000 ",$0.00 ,$36.67 ,General Fund,0
Dell Laptop,82000,HEALTH,4/30/2014,$67.52 ,$1.55 ,0.23,$15.52 ,$15.52 ,Successful,4/30/2014,,71016,,,3613081058,"$3,000 ",$0.00 ,$51.99 ,General Fund,0
Dell Laptop,82001,HEALTH,5/1/2014,$55.21 ,$1.27 ,0.23,$12.69 ,$12.69 ,Successful,5/7/2014,,71017,,,3613755498,"$3,000 ",$0.00 ,$42.51 ,General Fund,0
Dell Laptop,82002,HEALTH,5/1/2014,$74.00 ,$1.70 ,0.23,$17.02 ,$17.02 ,Successful,5/6/2014,,71007,,,3613666823,"$3,000 ",$0.00 ,$56.98 ,General Fund,0
Dell Laptop,82003,HEALTH,5/1/2014,$75.00 ,$0.00 ,0.23,$17.25 ,$17.25 ,Successful,5/1/2014,,71009,,,Cashiers Check,"$3,000 ",$0.00 ,$57.75 ,General Fund,0
Shelf,82004,HEALTH,5/1/2014,$17.00 ,$0.39 ,0.23,$3.91 ,$3.91 ,Successful,5/5/2014,,79548,,,3613518298,"$3,000 ",$0.00 ,$13.09 ,General Fund,0
Shelf,82005,HEALTH,5/1/2014,$14.99 ,$0.00 ,0.23,$3.44 ,$3.44 ,Successful,5/6/2014,,79549,,,Cashiers Check,"$3,000 ",$0.00 ,$11.54 ,General Fund,0
Buffet Table,82006,BRIDGESTONE ARENA,5/5/2014,$35.00 ,$0.80 ,0.23,$8.05 ,$8.05 ,Successful,5/5/2014,,BA-78194,,,3613500995,"$3,000 ",$0.00 ,$26.95 ,Enterprise,0
Buffet Table,82007,BRIDGESTONE ARENA,5/5/2014,$50.00 ,$1.15 ,0.23,$11.50 ,$11.50 ,Successful,5/5/2014,,BA-78195,,,3613501002,"$3,000 ",$0.00 ,$38.50 ,Enterprise,0
Buffet Table,82008,BRIDGESTONE ARENA,5/5/2014,$2.00 ,$0.00 ,0.23,$0.46 ,$0.46 ,Successful,5/13/2014,,BA-78196,,,Money Order,"$3,000 ",$0.00 ,$1.54 ,Enterprise,0
Buffet Table,82009,BRIDGESTONE ARENA,5/5/2014,$27.00 ,$0.62 ,0.23,$6.21 ,$6.21 ,Successful,5/14/2014,,BA-78201,,,3614344879,"$3,000 ",$0.00 ,$20.79 ,Enterprise,0
Buffet Table,82010,BRIDGESTONE ARENA,5/5/2014,$130.00 ,$2.99 ,0.23,$29.90 ,$29.90 ,Successful,5/5/2014,,BA-78203,,,3613500033,"$3,000 ",$0.00 ,$100.10 ,Enterprise,0
Buffet Table,82011,BRIDGESTONE ARENA,5/5/2014,$75.00 ,$1.72 ,0.23,$17.25 ,$17.25 ,Successful,5/5/2014,,BA-78197,,,3613500338,"$3,000 ",$0.00 ,$57.75 ,Enterprise,0
Buffet Table,82012,BRIDGESTONE ARENA,5/5/2014,$42.00 ,$0.97 ,0.23,$9.66 ,$9.66 ,Successful,5/5/2014,,BA-78206,,,3613523837,"$3,000 ",$0.00 ,$32.34 ,Enterprise,0
Buffet Table w/Warmers,82013,BRIDGESTONE ARENA,5/5/2014,$134.00 ,$3.08 ,0.23,$30.82 ,$30.82 ,Successful,5/7/2014,,BA-78208,,,3613705438,"$3,000 ",$0.00 ,$103.18 ,Enterprise,0
Buffet Table w/Warmers,82014,BRIDGESTONE ARENA,5/5/2014,$107.00 ,$2.46 ,0.23,$24.61 ,$24.61 ,Successful,5/7/2014,,BA-78209,,,3613705475,"$3,000 ",$0.00 ,$82.39 ,Enterprise,0
Metal Shelving Unit,82015,GENERAL SERVICES,5/5/2014,$38.00 ,$0.87 ,0.23,$8.74 ,$8.74 ,Successful,5/12/2014,,79924,,,3614063510,"$3,000 ",$0.00 ,$29.26 ,General Fund,0
Metal Shelving Unit,82016,GENERAL SERVICES,5/5/2014,$32.01 ,$0.74 ,0.23,$7.36 ,$7.36 ,Successful,5/5/2014,,79925,,,3613514250,"$3,000 ",$0.00 ,$24.64 ,General Fund,0
Light Switch & Outlet Covers,82017,GENERAL SERVICES,5/5/2014,$5.01 ,$0.12 ,0.23,$1.15 ,$1.15 ,Successful,5/12/2014,,79918,,,3614063650,"$3,000 ",$0.00 ,$3.85 ,General Fund,0
Work Cart,82018,GENERAL SERVICES,5/5/2014,$52.00 ,$1.20 ,0.23,$11.96 ,$11.96 ,Successful,5/5/2014,,79917,,,3613504472,"$3,000 ",$0.00 ,$40.04 ,General Fund,0
Cart,82019,GENERAL SERVICES,5/5/2014,$42.00 ,$0.97 ,0.23,$9.66 ,$9.66 ,Successful,5/7/2014,,79923,,,3613722248,"$3,000 ",$0.00 ,$32.34 ,General Fund,0
Cart,82020,GENERAL SERVICES,5/5/2014,$11.27 ,$0.26 ,0.23,$2.59 ,$2.59 ,Successful,5/12/2014,,79916,,,3614063768,"$3,000 ",$0.00 ,$8.67 ,General Fund,0
Franklin Chef Refrigerator,82021,GENERAL SERVICES,5/5/2014,$27.00 ,$0.62 ,0.23,$6.21 ,$6.21 ,Successful,5/7/2014,,79922,,,3613731443,"$3,000 ",$0.00 ,$20.79 ,General Fund,0
Assorted Belts,82022,GENERAL SERVICES,5/5/2014,$7.00 ,$0.16 ,0.23,$1.61 ,$1.61 ,Successful,5/5/2014,,79920,,,3613531375,"$3,000 ",$0.00 ,$5.39 ,General Fund,0
White Brand Metal Bucket,82023,GENERAL SERVICES,5/5/2014,$12.00 ,$0.28 ,0.23,$2.76 ,$2.76 ,Successful,5/6/2014,,79915A,,,3613658781,"$3,000 ",$0.00 ,$9.24 ,General Fund,0
White Brand Metal Bucket,82024,GENERAL SERVICES,5/5/2014,$12.00 ,$0.28 ,0.23,$2.76 ,$2.76 ,Successful,5/6/2014,,79915B,,,3613658794,"$3,000 ",$0.00 ,$9.24 ,General Fund,0
White Brand Metal Bucket,82025,GENERAL SERVICES,5/5/2014,$11.00 ,$0.25 ,0.23,$2.53 ,$2.53 ,Successful,5/6/2014,,79915C,,,3613658799,"$3,000 ",$0.00 ,$8.47 ,General Fund,0
2001 Chevrolet Malibu,82026,OFM-CODES,4/24/2014,"$2,425.00 ",$55.78 ,0.23,$557.75 ,$557.75 ,Successful,4/24/2014,224404,,P 2719 AJ,,3612250467,"$3,000 ",$0.00 ,"$1,867.25 ",Enterprise,0
"Commercial Building & Land - 222 3rd Avenue North, Nashville, TN 37201",82027,PUBLIC PROPERTY,5/9/2014,"$6,810,200.00 ",$0.00 ,0.03,"$204,306.00 ","$30,000.00 ",Successful,7/30/2014,,RP14222,,,Cashiers Check,"$30,000 ",$0.00 ,"$6,780,200.00 ",General Fund,0
2001 Chevrolet Malibu,82028,OFM-CODES,4/24/2014,"$1,775.00 ",$0.00 ,0.23,$408.25 ,$408.25 ,Successful,4/29/2014,224189,,P 2701 AJ,,Cashiers Check,"$3,000 ",$0.00 ,"$1,366.75 ",Enterprise,0
2001 Chevrolet Malibu,82029,OFM-CODES,4/24/2014,"$2,500.50 ",$57.51 ,0.23,$575.11 ,$575.11 ,Successful,4/24/2014,221629,,P 2675 AJ,,3612267938,"$3,000 ",$0.00 ,"$1,925.38 ",Enterprise,0
2001 Chevrolet Malibu,82030,OFM-CODES,4/24/2014,"$1,476.00 ",$0.00 ,0.23,$339.48 ,$339.48 ,Successful,4/29/2014,224191,,P 2703 AJ,,Cashiers Check,"$3,000 ",$0.00 ,"$1,136.52 ",Enterprise,0
Metal Cabinet,82036,PARKS,5/6/2014,$11.69 ,$0.27 ,0.23,$2.68 ,$2.68 ,Successful,5/14/2014,,78241,,,3614347927,"$3,000 ",$0.00 ,$9.00 ,General Fund,0
Computer Table,82037,PUBLIC DEFENDER,5/6/2014,$1.00 ,$0.02 ,0.23,$0.23 ,$0.23 ,Successful,5/6/2014,,78518,,,3613654476,"$3,000 ",$0.00 ,$0.77 ,General Fund,0
HP Laser Jet 4000T,82038,PUBLIC DEFENDER,5/6/2014,$22.01 ,$0.51 ,0.23,$5.06 ,$5.06 ,Successful,5/6/2014,,78533,,,3613650162,"$3,000 ",$0.00 ,$16.94 ,General Fund,0
Assorted Books,82039,PUBLIC DEFENDER,5/6/2014,$25.00 ,$0.58 ,0.23,$5.75 ,$5.75 ,Successful,5/19/2014,,78546,,,3614680022,"$3,000 ",$0.00 ,$19.25 ,General Fund,0
"Dell 17"" Flat Screen Monitor",82040,FIRE,5/6/2014,$34.00 ,$0.78 ,0.23,$7.82 ,$7.82 ,Successful,5/6/2014,,78600,,,3613650166,"$3,000 ",$0.00 ,$26.18 ,General Fund,0
"Dell 17"" Flat Screen Monitor",82041,FIRE,5/6/2014,$24.01 ,$0.55 ,0.23,$5.52 ,$5.52 ,Successful,5/6/2014,,78598,,,3613679992,"$3,000 ",$0.00 ,$18.48 ,General Fund,0
"Dell 17"" Flat Screen Monitor",82042,FIRE,5/6/2014,$35.01 ,$0.81 ,0.23,$8.05 ,$8.05 ,Successful,5/6/2014,,78599,,,3613679997,"$3,000 ",$0.00 ,$26.95 ,General Fund,0
HP Laser Jet 1320,82043,FIRE,5/6/2014,$3.50 ,$0.08 ,0.23,$0.80 ,$0.80 ,Successful,5/12/2014,,78597,,,3614070730,"$3,000 ",$0.00 ,$2.69 ,General Fund,0
Dell Optiplex 745,82044,FIRE,5/6/2014,$42.00 ,$0.00 ,0.23,$9.66 ,$9.66 ,Successful,5/7/2014,,78547,,,Money Order,"$3,000 ",$0.00 ,$32.34 ,General Fund,0
Dell Optiplex 780,82045,FIRE,5/6/2014,$103.00 ,$2.37 ,0.23,$23.69 ,$23.69 ,Successful,5/9/2014,,78548,,,3613904685,"$3,000 ",$0.00 ,$79.31 ,General Fund,0
Dell Optiplex 780,82046,ITS,5/6/2014,$99.00 ,$2.28 ,0.23,$22.77 ,$22.77 ,Successful,5/6/2014,,78990,,,3613649208,"$3,000 ",$0.00 ,$76.23 ,General Fund,0
Dell Laptop,82047,ITS,5/6/2014,$45.52 ,$0.00 ,0.23,$10.46 ,$10.46 ,Successful,5/7/2014,,72225,,,Money Order,"$3,000 ",$0.00 ,$35.05 ,General Fund,0
Dell Laptop,82048,ITS,5/6/2014,$42.00 ,$0.97 ,0.23,$9.66 ,$9.66 ,Successful,5/6/2014,,75327,,,3613653493,"$3,000 ",$0.00 ,$32.34 ,General Fund,0
Dell Laptop,82049,ITS,5/6/2014,$40.00 ,$0.00 ,0.23,$9.20 ,$9.20 ,Successful,5/7/2014,,75323,,,Money Order,"$3,000 ",$0.00 ,$30.80 ,General Fund,0
Dell Laptop,82050,ITS,5/6/2014,$28.90 ,$0.66 ,0.23,$6.64 ,$6.64 ,Successful,5/7/2014,,75326,,,3613752852,"$3,000 ",$0.00 ,$22.25 ,General Fund,0
Dell Laptop,82051,ITS,5/6/2014,$37.09 ,$0.85 ,0.23,$8.53 ,$8.53 ,Successful,5/8/2014,,75339,,,3613874670,"$3,000 ",$0.00 ,$28.55 ,General Fund,0
Dell Laptop,82052,ITS,5/6/2014,$22.51 ,$0.00 ,0.23,$5.17 ,$5.17 ,Successful,5/8/2014,,75340,,,Money Order,"$3,000 ",$0.00 ,$17.33 ,General Fund,0
Dell Laptop,82053,ITS,5/6/2014,$38.00 ,$0.87 ,0.23,$8.74 ,$8.74 ,Successful,5/29/2014,,75347,,,3615567430,"$3,000 ",$0.00 ,$29.26 ,General Fund,0
Dell Laptop,82054,ITS,5/6/2014,$26.35 ,$0.00 ,0.23,$6.06 ,$6.06 ,Successful,5/8/2014,,75337,,,Money Order,"$3,000 ",$0.00 ,$20.28 ,General Fund,0
Dell Computer,82056,ITS,5/7/2014,$57.00 ,$1.31 ,0.23,$13.11 ,$13.11 ,Successful,5/27/2014,,79045,,,3615308838,"$3,000 ",$0.00 ,$43.89 ,General Fund,0
Dell Computer,82057,ITS,5/7/2014,$78.00 ,$1.79 ,0.23,$17.94 ,$17.94 ,Successful,5/27/2014,,79046,,,3615308842,"$3,000 ",$0.00 ,$60.06 ,General Fund,0
Dell Computer,82058,ITS,5/7/2014,$113.00 ,$2.60 ,0.23,$25.99 ,$25.99 ,Successful,5/9/2014,,79056,,,3613904690,"$3,000 ",$0.00 ,$87.01 ,General Fund,0
Dell Computer,82059,ITS,5/7/2014,$130.00 ,$0.00 ,0.23,$29.90 ,$29.90 ,Successful,5/7/2014,,78940,,,Money Order,"$3,000 ",$0.00 ,$100.10 ,General Fund,0
Dell Computer,82060,ITS,5/7/2014,$130.00 ,$0.00 ,0.23,$29.90 ,$29.90 ,Successful,5/7/2014,,78930,,,Money Order,"$3,000 ",$0.00 ,$100.10 ,General Fund,0
Dell Computer,82061,ITS,5/7/2014,$130.00 ,$0.00 ,0.23,$29.90 ,$29.90 ,Successful,5/7/2014,,78970,,,Money Order,"$3,000 ",$0.00 ,$100.10 ,General Fund,0
Dell Computer,82062,ITS,5/7/2014,$130.00 ,$0.00 ,0.23,$29.90 ,$29.90 ,Successful,5/7/2014,,78952,,,Money Order,"$3,000 ",$0.00 ,$100.10 ,General Fund,0
Dell Computer,82063,ITS,5/7/2014,$130.00 ,$0.00 ,0.23,$29.90 ,$29.90 ,Successful,5/19/2014,,78962,,,Money Order,"$3,000 ",$0.00 ,$100.10 ,General Fund,0
Dell Computer,82064,ITS,5/7/2014,$125.00 ,$2.88 ,0.23,$28.75 ,$28.75 ,Successful,5/19/2014,,79059,,,3614656345,"$3,000 ",$0.00 ,$96.25 ,General Fund,0
Dell Computer,82065,ITS,5/7/2014,$125.00 ,$2.88 ,0.23,$28.75 ,$28.75 ,Successful,5/7/2014,,79050,,,3613732776,"$3,000 ",$0.00 ,$96.25 ,General Fund,0
Dell Laptop w/Bag,82066,ITS,5/7/2014,$71.00 ,$1.63 ,0.23,$16.33 ,$16.33 ,Successful,5/19/2014,,79761,,,3614656347,"$3,000 ",$0.00 ,$54.67 ,General Fund,0
Dell Laptop w/Bag,82067,ITS,5/7/2014,$71.00 ,$0.00 ,0.23,$16.33 ,$16.33 ,Successful,6/5/2014,,79764,,,Cashiers Check,"$3,000 ",$0.00 ,$54.67 ,General Fund,0
Dell Laptop w/Bag,82068,ITS,5/7/2014,$71.00 ,$1.63 ,0.23,$16.33 ,$16.33 ,Successful,5/27/2014,,79760,,,3615327766,"$3,000 ",$0.00 ,$54.67 ,General Fund,0
Dell Laptop w/Bag,82069,ITS,5/7/2014,$78.00 ,$1.79 ,0.23,$17.94 ,$17.94 ,Successful,5/27/2014,,79771,,,3615327772,"$3,000 ",$0.00 ,$60.06 ,General Fund,0
Dell Laptop w/Bag,82070,ITS,5/7/2014,$72.50 ,$0.00 ,0.23,$16.68 ,$16.68 ,Successful,6/5/2014,,79768,,,Cashiers Check,"$3,000 ",$0.00 ,$55.83 ,General Fund,0
Dell Laptop w/Bag,82071,ITS,5/7/2014,$72.50 ,$0.00 ,0.23,$16.68 ,$16.68 ,Successful,6/5/2014,,79759,,,Cashiers Check,"$3,000 ",$0.00 ,$55.83 ,General Fund,0
Dell Laptop w/Bag,82072,ITS,5/7/2014,$66.00 ,$0.00 ,0.23,$15.18 ,$15.18 ,Successful,6/19/2014,,79763,,,Cashiers Check,"$3,000 ",$0.00 ,$50.82 ,General Fund,0
Dell Laptop w/Bag,82073,ITS,5/7/2014,$145.00 ,$0.00 ,0.23,$33.35 ,$33.35 ,Successful,6/5/2014,,79756,,,Cashiers Check,"$3,000 ",$0.00 ,$111.65 ,General Fund,0
Dell Laptop w/Bag,82074,ITS,5/7/2014,$140.00 ,$0.00 ,0.23,$32.20 ,$32.20 ,Successful,6/5/2014,,79757,,,Cashiers Check,"$3,000 ",$0.00 ,$107.80 ,General Fund,0
Dell Laptop w/Bag,82075,ITS,5/7/2014,$61.95 ,$1.42 ,0.23,$14.24 ,$14.24 ,Successful,5/12/2014,,79754,,,3614064754,"$3,000 ",$0.00 ,$47.70 ,General Fund,0
Dell Computer,82076,ITS,5/8/2014,$102.00 ,$0.00 ,0.23,$23.46 ,$23.46 ,Successful,5/19/2014,,78955,,,Money Order,"$3,000 ",$0.00 ,$78.54 ,General Fund,0
Dell Computer,82077,ITS,5/8/2014,$102.00 ,$0.00 ,0.23,$23.46 ,$23.46 ,Successful,5/19/2014,,78921,,,Money Order,"$3,000 ",$0.00 ,$78.54 ,General Fund,0
Dell Computer,82078,ITS,5/8/2014,$110.00 ,$0.00 ,0.23,$25.30 ,$25.30 ,Successful,5/19/2014,,78932,,,Money Order,"$3,000 ",$0.00 ,$84.70 ,General Fund,0
Dell Computer,82079,ITS,5/8/2014,$115.00 ,$2.64 ,0.23,$26.45 ,$26.45 ,Successful,5/27/2014,,78925,,,3615308848,"$3,000 ",$0.00 ,$88.55 ,General Fund,0
Dell Computer,82080,ITS,5/8/2014,$103.00 ,$0.00 ,0.23,$23.69 ,$23.69 ,Successful,5/19/2014,,78928,,,Money Order,"$3,000 ",$0.00 ,$79.31 ,General Fund,0
Dell Computer,82081,ITS,5/8/2014,$98.00 ,$2.25 ,0.23,$22.54 ,$22.54 ,Successful,5/27/2014,,78980,,,3615308853,"$3,000 ",$0.00 ,$75.46 ,General Fund,0
Dell Computer,82082,ITS,5/8/2014,$105.00 ,$2.42 ,0.23,$24.15 ,$24.15 ,Successful,5/27/2014,,78909,,,3615308857,"$3,000 ",$0.00 ,$80.85 ,General Fund,0
Dell Computer,82083,ITS,5/8/2014,$110.00 ,$2.53 ,0.23,$25.30 ,$25.30 ,Successful,5/9/2014,,78976,,,3613904692,"$3,000 ",$0.00 ,$84.70 ,General Fund,0
Dell Computer,82084,ITS,5/8/2014,$115.00 ,$2.64 ,0.23,$26.45 ,$26.45 ,Successful,5/9/2014,,78975,,,3613904698,"$3,000 ",$0.00 ,$88.55 ,General Fund,0
Dell Computer,82085,ITS,5/8/2014,$120.00 ,$2.76 ,0.23,$27.60 ,$27.60 ,Successful,5/9/2014,,78924,,,3613904703,"$3,000 ",$0.00 ,$92.40 ,General Fund,0
